2192 3742
404 452 543 503 EPODON
561 454 666 502 LIBER.
891 460 937 509 ’167

233 587 358 634 Contrane
367 582 463 631 lucrum
473 583 509 632 nil
519 585 600 633 valere
610 584 739 635 candidum

265 672 381 734 Pauperis
391 671 515 733 ingenium
526 676 533 721 l
552 675 669 734 querebar
679 676 809 737 applorans
821 676 882 739 tibi;

231 762 311 809 Simul
320 760 422 810 mentis
432 761 607 810 inverecundus
618 764 683 811 Deus

265 848 406 899 Fervidiora
416 864 485 897 mero
495 864 584 899 arcana
593 860 718 913 promorat
728 854 791 901 loco.

233 939 306 993 Quod
316 939 337 987 si
348 938 409 989 meis
419 939 533 988 inaestnat
540 938 679 1002 praecordiis

265 1029 352 1077 Libera
362 1028 429 1089 bilis,
439 1036 468 1077 ut
477 1030 529 1077 haec
540 1028 635 1090 ingrata
645 1030 723 1078 ventis
735 1030 824 1079 dividat

233 1122 360 1179 Fomenta,
370 1121 458 1169 munus
469 1120 506 1168 nil
516 1106 609 1167 malurn
620 1120 724 1169 levantia
734 1140 743 1183 ;

265 1208 365 1257 Desinet
376 1208 508 1271 imparibus
518 1215 611 1257 certare
623 1216 759 1257 summotus
771 1209 856 1271 pudor.

234 1296 284 1345 Ubi
293 1296 346 1345 haec
355 1310 452 1345 severus
464 1303 489 1344 te
498 1297 579 1358 palam
586 1296 750 1355 laudaveram,

265 1388 353 1435 Jussus
364 1386 431 1434 abire
442 1385 553 1445 domum,
564 1386 658 1433 ferebar
669 1385 762 1434 incerto
772 1385 832 1447 pede

234 1473 273 1522 Ad
285 1488 334 1522 non
346 1472 442 1522 amicos*
451 1473 509 1537 (heu
518 1471 538 1533 l)
554 1472 615 1520 mihi
625 1480 717 1536 postes,
728 1481 753 1521 et
768 1473 826 1536 (heu
834 1471 853 1533 l)

266 1563 363 1612 Limina
372 1563 444 1623 dura,
455 1563 542 1625 quibus
553 1564 650 1611 lumbos
661 1570 686 1611 et
695 1562 782 1623 infregi
793 1565 865 1613 latus.

235 1656 315 1713 Nunc,
326 1653 454 1713 gloriantis
464 1652 598 1713 quamlibet
609 1652 776 1701 mulierculam

265 1717 367 1790 Vincere
378 1741 491 1801 mollitia,
502 1755 571 1790 amor
582 1741 675 1805 Lycisci
685 1754 723 1789 me
733 1748 800 1789 tenet
810 1761 818 1803 ;

235 1830 307 1880 Unde
318 1830 431 1893 expedire
441 1844 491 1878 non
503 1828 737 1891 amicorum'qireant

267 1920 354 1969 Libera
363 1919 476 1979 consilia,
487 1934 532 1968 nec
543 1918 698 1968 contumeliae
708 1932 790 1979 grates
801 1938 809 1979 ;

235 2009 284 2058 Sed
293 2008 355 2057 alius
366 2009 439 2057 ardor
449 2016 492 2056 aut
502 2009 589 2071 puellae
599 2006 717 2067 candidu,

267 2099 318 2146 Aut
327 2097 410 2145 teretis
421 2096 500 2159 pueri,
511 2098 609 2157 longam
620 2095 760 2145 renodantis
770 2108 873 2144 comam.

469 2328 536 2377 ODE
554 2330 611 2377 ΧΠ.

381 2485 410 2519 ΙΝ
427 2485 503 2520 ANUM
521 2486 703 2522 LlBlDINOSAM.

203 2605 275 2656 Qun>
286 2602 331 2651 tibi
340 2602 387 2662 vis,
399 2602 487 2651 mulier
498 2602 574 2663 nigris
586 2602 727 2663 digrrissima
737 2600 834 2650 barris?

235 2694 340 2749 Munera
349 2706 392 2739 cur
403 2690 474 2751 mihi,
485 2690 571 2753 quidve
582 2691 682 2738 tabellas

203 2781 293 2841 Mittis,
303 2795 349 2829 nec
359 2781 431 2829 firmo
439 2781 534 2842 juveni,
545 2794 623 2842 neque
635 2780 701 2829 naris
711 2782 809 2831 obesae?

236 2871 347 2931 Namque
358 2869 464 2930 sagacius
474 2884 538 2918 uuus
550 2869 650 2929 odoror,

204 2960 319 3022 Polypus,
331 2973 362 3007 an
373 2960 451 3020 grauis
461 2959 563 3008 hirsutis
574 2961 645 3008 cubet
655 2959 737 3009 hircus
748 2958 773 3007 in
784 2958 852 3018 alius

238 3050 318 3102 Qum
327 3048 395 3097 canis
405 3064 470 3111 acer,
480 3050 524 3099 ubi
534 3051 608 3098 lateat
619 3064 668 3099 sus.
