2192 3742
174 471 204 516 40

412 469 442 522 Q.
460 410 600 516 uoltum
616 467 733 516 susce!

303 598 340 644 Te
351 607 444 657 semper
456 593 532 644 anteit
543 605 613 643 serva
623 593 769 653 Necessius,

306 685 392 733 clavos
404 683 508 732 transies
520 690 545 730 et
555 696 645 731 cuncus
656 695 731 730 numu

338 774 441 821 Gestans
453 772 548 832 shena3
566 784 611 819 nec
621 783 719 818 scvenu

370 862 454 909 Uncus
466 861 543 918 abest,
554 857 722 918 iiqsnidnmque
731 856 866 917 plumbum.

306 1035 342 1080 Te
354 1033 412 1093 Spes
423 1039 448 1080 et
459 1032 514 1080 albo
526 1045 582 1080 rurs
592 1030 662 1080 Fides
673 1030 733 1079 colit

308 1123 393 1170 Velste.
403 1135 500 1182 pann03
518 1135 562 1170 nec
572 1122 687 1170 comitem
697 1123 808 1182 abnegat,

341 1213 470 1273 Utcunque
482 1218 574 1258 mutata
584 1218 693 1272 potentes

372 1301 445 1348 Veste
456 1301 541 1348 domos
553 1298 651 1348 inimica
661 1300 759 1362 linquis.

310 1477 343 1522 At
354 1474 438 1534 vulgus
450 1473 553 1522 infidum
564 1481 589 1522 et
599 1474 715 1523 meretrix
726 1482 792 1523 retro

311 1563 412 1621 Periura
421 1561 497 1610 cedit:
515 1561 645 1622 diffugiunt
654 1561 720 1610 cadis

345 1651 407 1698 Cum
419 1650 477 1698 faece
488 1648 582 1698 simus
594 1649 676 1708 amici,

376 1737 448 1784 Ferre
456 1738 541 1796 jugum
553 1735 643 1798 puriter
653 1735 740 1784 dolosi.

313 1909 397 1956 Serves
408 1908 500 1956 iturum
513 1909 634 1957 Caesarem
645 1906 783 1956 inultimos

313 1996 386 2058 Qrbis
398 1995 540 2056 Britannos,
553 2005 578 2045 et
585 1999 703 2057 Juvenum
714 2010 797 2046 roeens

345 2087 453 2134 Examen
466 2085 525 2135 Eois
536 2086 672 2135 timendum

307 2171 309 2174 ’
376 2174 498 2236 Partibus,
511 2176 657 2237 Oceanoque
667 2177 751 2224 rubro.

313 2348 381 2396 Eheu
391 2351 397 2394 !
416 2347 555 2396 cicatricum
566 2357 591 2397 et
601 2349 699 2398 sceleris
709 2348 784 2411 pudet

315 2438 482 2498 Fratrumque.
514 2437 580 2490 Quid
592 2451 638 2485 uos
650 2437 711 2484 dura
720 2435 852 2496 refingimus

346 2526 433 2572 AEtas?
452 2524 511 2585 quid
521 2525 637 2573 intactum
649 2524 737 2573 nefasti

377 2611 523 2672 Liquimus?
541 2613 607 2661 unde
618 2627 719 2661 menum
726 2615 840 2672 Juventus

314 2784 383 2830 Metu
395 2783 496 2833 deorum
506 2784 646 2834 continuit?
665 2785 752 2846 quibus

315 2874 423 2936 Pepercit
434 2875 501 2924 aris?
522 2878 545 2926 0
556 2877 651 2926 utinum
663 2891 726 2926 nova

347 2964 436 3012 incude
448 2963 556 3026 diffingas
568 2973 677 3014 recusum
687 2965 714 3014 in

378 3053 526 3112 Massagetas
537 3055 789 3114 Arabusquefcrrum.
