2192 3742
131 471 134 475 Ι
202 512 250 560 3⁰4
443 516 473 566 Q·
491 511 632 562 nomn
643 513 762 563 mcci

203 640 315 701 Notaque
327 639 395 688 fatali
407 647 519 702 portenta
529 641 613 692 labore
623 641 727 703 subegit,

203 727 329 790 Comperit
339 727 456 776 invidiam
468 741 582 790 supremo
592 729 643 778 fine
653 728 756 779 domari.

202 815 261 866 Urit
270 815 336 864 enim
348 817 442 877 fulgore
453 831 509 876 suo,
522 817 564 878 qui
575 826 709 879 pmffravst
719 825 784 866 troes

202 907 270 955 infra
279 920 306 956 se
317 907 421 969 positas:
438 905 560 955 extinctus
571 907 691 956 nmubimr
702 907 776 955 idem.

202 996 319 1045 Prosenti
330 995 374 1044 tibi
386 1003 494 1044 maturos
505 995 621 1056 largimur
631 996 749 1056 honores,

201 1084 371 1146 Jumudssqm
381 1093 451 1132 tunm
463 1099 505 1148 per
518 1098 608 1134 nomen
618 1085 732 1146 ponimus
739 1098 808 1146 uras,

148 1207 153 1216 ι
202 1173 245 1222 Nil
257 1172 378 1222 oriturum
390 1173 460 1232 aiios,
473 1172 508 1220 nil
520 1181 602 1220 ortum
614 1174 662 1220 tale
672 1173 784 1222 intentos.

202 1263 250 1312 Sed
261 1270 318 1312 tuns
329 1263 369 1312 hio
380 1263 493 1324 populus,
505 1261 600 1324 sapiens
611 1269 637 1310 et
644 1265 726 1322 justus
736 1263 762 1310 in
773 1277 835 1323 uno,

200 1353 236 1400 Te
248 1351 337 1399 nostris
349 1350 460 1408 ducibus,
472 1358 497 1398 te
509 1349 589 1398 Graiis
600 1351 769 1412 sufferendo,

202 1441 296 1488 Caetem
306 1453 457 1500 nequaquam
468 1439 542 1488 simili
554 1439 649 1488 rstione
659 1440 781 1502 modoque

200 1528 325 1588 AEstimat,
336 1536 371 1587 et,
384 1528 431 1576 nisi
443 1543 496 1590 quae
507 1529 579 1577 terris
591 1535 684 1576 semota
694 1529 792 1590 suisque

199 1617 360 1679 Temporibus
372 1617 485 1665 defunctu
495 1618 570 1678 videt,
582 1617 675 1665 fastidit
685 1625 710 1665 et
720 1617 787 1665 odit:

202 1705 242 1756 Sic
253 1707 334 1755 fautor
345 1713 464 1766 veterum,
476 1715 505 1755 ut
515 1707 609 1754 tabulm
619 1713 718 1768 pecoere
726 1713 846 1766 rennos,

201 1797 267 1850 Quos
279 1795 316 1844 bis
326 1795 431 1856 quinque
443 1794 487 1842 viri
499 1801 642 1853 sanxerunt,
654 1793 746 1842 ioedera
756 1809 840 1860 regum

200 1883 246 1933 Vol
257 1883 340 1932 Gabiis
351 1885 389 1931 vel
400 1898 456 1932 oum
468 1883 552 1944 rigidis
563 1891 656 1944 aquata
667 1882 774 1943 Sabinis,

201 1972 347 2022 Pontificum
357 1971 444 2030 libros,
456 1986 550 2020 annosa
560 1970 686 2019 volumina
694 1978 788 2030 votnm,

200 2061 300 2110 Dictitst
310 2063 406 2110 Albano
419 2063 502 2114 Musas
514 2061 539 2108 in
552 2067 635 2108 monte
647 2060 751 2108 locutis.

200 2150 237 2210 Si,
249 2149 306 2212 quis
316 2150 458 2197 Graecorum
469 2156 527 2197 sunt
537 2147 706 2209 antiquissimo
717 2161 817 2210 qumque

201 2237 296 2300 Scripta
304 2238 342 2285 vel
354 2237 456 2299 optima,
469 2237 574 2284 Romani
585 2244 717 2298 pensantur
728 2236 812 2284 eodem

201 2323 335 2389 Scriptores
346 2325 448 2385 trutina,
460 2339 510 2373 non
522 2325 635 2386 estquod
647 2327 726 2374 multa
735 2314 880 2388 loquamur:

201 2416 243 2465 Nil
253 2415 320 2470 iutra
330 2423 367 2464 est
378 2416 468 2474 oleam,
481 2413 517 2462 nil
528 2418 599 2462 extis
609 2422 646 2462 ost
656 2414 683 2462 in
695 2428 757 2464 nuce
767 2414 831 2463 duri.

200 2503 317 2554 Venimus
328 2503 359 2552 sd
369 2517 492 2552 summum
503 2505 622 2553 fortunae:
640 2504 772 2566 pingimus,
783 2512 855 2566 atque

201 2593 341 2652 Psallimus,
353 2601 378 2640 et
388 2594 508 2640 luctamur
519 2593 617 2641 Achivis
629 2593 724 2641 doctius
734 2593 822 2642 unctis.

200 2681 227 2731 Si
239 2681 341 2730 meliora
352 2681 414 2740 dies,
423 2687 451 2728 ut
461 2681 527 2740 vina,
538 2686 652 2743 poemata
662 2682 751 2743 reddit,

200 2769 267 2821 Scire
277 2772 360 2830 velim,
371 2772 475 2834 pretinm
487 2771 577 2820 chartis
588 2779 676 2832 quotus
687 2779 784 2832 arroget
794 2785 887 2822 annus:

198 2857 310 2921 Scriptor
320 2860 407 2908 abhinc
418 2873 495 2908 annos
507 2869 605 2908 centum
617 2862 658 2922 qui
669 2860 768 2920 decidit,
779 2861 844 2908 inter

201 2946 322 2996 Perfectos
333 2956 472 3009 veteresque
482 2949 569 2996 referri
579 2949 671 2998 debet?
690 2953 721 2997 a‘n
732 2948 796 2998 inter

199 3035 266 3085 Viles
278 3043 348 3097 atque
360 3039 453 3084 novos?
473 3037 587 3086 excludat
595 3037 677 3099 iurgio
686 3037 752 3087 sinis.

200 3121 270 3179 iiEst
280 3131 347 3172 vetus
360 3129 431 3185 atque
442 3124 543 3187 probus,
556 3133 654 3176 centum
665 3125 707 3188 qni
717 3116 813 3188 perficit
822 3138 910 3174 snnos.
