2192 3742
370 513 411 560 nn
430 513 516 562 Aure
535 513 687 563 poemen.
729 496 749 541 l
881 519 928 568 335

133 641 165 688 Et
176 637 261 702 patris,
273 648 297 689 et
306 647 412 700 nusum,
425 655 565 704 nonumque
575 650 698 705 prematur
709 643 735 692 in
746 656 849 707 annum,
923 648 925 651 ’

134 727 283 776 Membranls
295 727 360 776 intus
372 728 465 790 positis.
499 731 587 778 Delere
595 730 687 792 licebit,

133 815 204 870 Quod
216 831 265 865 nou
276 816 397 879 edideris3
416 817 493 866 nescit
503 833 551 866 vox
564 818 638 868 misna
649 821 745 869 reverti.

132 904 259 954 Silvestres
271 906 381 955 homines
393 921 460 956 sacer
471 907 639 970 interpresque
649 909 751 958 deornm

133 993 244 1044 Caedibus
255 1003 279 1043 et
289 995 353 1043 victu
365 997 430 1044 foedo
442 997 561 1046 deterruit
572 998 685 1060 Orpbeus
696 1020 704 1061 ;

131 1082 217 1132 Dictus
229 1085 260 1132 ob
270 1084 316 1132 hoc
327 1083 404 1132 lenire
416 1084 500 1145 tigres,
516 1086 659 1148 rabidosque
670 1089 768 1137 leones:

129 1172 215 1220 Dictus
226 1181 251 1220 et
261 1173 384 1236 Amphion
395 1174 519 1222 Thebanae
531 1175 643 1224 conditor
655 1176 716 1224 artie

133 1263 198 1311 Saxa
209 1277 306 1311 movere
318 1277 380 1312 sono
390 1264 529 1325 testudinis,
540 1273 566 1312 et
575 1279 646 1327 prece
656 1265 747 1313 blanda

120 1338 226 1397 'Ducere
236 1365 284 1411 qun
295 1351 376 1399 vellet.
409 1351 465 1400 Fuit
476 1351 528 1399 haec
540 1353 659 1414 sapientia
668 1351 800 1414 quondam,

133 1437 233 1487 Publica
242 1439 340 1501 privatis
352 1454 487 1502 secernere,
499 1455 568 1490 sacra
578 1443 697 1504 profanis,

133 1525 269 1576 Concubitu
280 1528 408 1590 prohibere
419 1543 488 1590 vago,
500 1530 558 1578 dare
565 1532 624 1590 jura
634 1531 739 1591 maritis,

133 1616 228 1679 Oppida
239 1617 332 1676 moliri,
342 1618 406 1678 leges
418 1618 524 1666 incidere
534 1619 616 1679 ligno:
680 1678 682 1682 ,

132 1706 172 1755 Sic
183 1707 262 1754 honor
273 1714 298 1755 et
309 1719 400 1754 nomen
411 1705 498 1777 divinis
509 1706 603 1754 vatibus
613 1714 685 1768 atque

133 1793 286 1844 Carminibus
298 1793 371 1842 venit.
405 1795 464 1842 Post
474 1794 519 1842 hoe
532 1793 635 1854 insignis
647 1797 779 1857 Homerum,

130 1886 287 1947 inruensque
300 1895 378 1932 mares
390 1883 485 1931 animos
496 1883 521 1930 in
534 1881 625 1931 Martia
634 1883 699 1931 bella

131 1971 246 2020 Versibus
259 1972 370 2033 exacuit3
388 1971 457 2020 dictae
468 1985 511 2034 per
521 1971 630 2019 carmina
641 1979 720 2022 sortes
731 1993 739 2035 ς

132 2062 164 2109 Et
176 2061 378 2109 vite-monstrata
388 2060 427 2108 via
437 2068 486 2110 est:
504 2068 529 2109 et
539 2061 617 2122 gratia
628 2077 712 2123 regum

132 2148 218 2198 Pieriis
230 2156 323 2197 tentata
334 2149 424 2196 modis:
442 2130 562 2209 ludusque
573 2157 693 2212 repertur,

131 2239 163 2286 Et
174 2239 303 2300 longorum
314 2250 415 2299 operum
428 2236 496 2284 finis:
515 2251 546 2285 ne
558 2239 621 2286 forte
632 2239 721 2301 pudori

130 2327 168 2376 Sit
179 2326 223 2374 tibi
235 2328 308 2374 Musa
318 2327 376 2388 lyrae
388 2326 476 2385 solers,
487 2332 512 2372 et
524 2334 609 2374 cantor
619 2328 719 2389 Apollo.

131 2418 226 2465 Natura
236 2417 305 2464 fieret
315 2414 436 2463 laudabile
448 2427 557 2473 carmen,-
569 2427 600 2461 an
612 2421 683 2474 arte,.

131 2505 266 2560 Quaesitum
278 2513 328 2554 est:
346 2519 390 2565 ego
402 2517 446 2552 nec
459 2503 566 2551 studium
577 2503 630 2551 eine
640 2503 714 2552 divite
722 2519 800 2567 vene3

132 2595 185 2643 Nec
196 2593 256 2641 rude
267 2592 324 2653 quid
336 2592 413 2655 possit
422 2591 491 2640 video
503 2591 643 2651 ingenium:
661 2593 761 2642 alteriue
772 2593 807 2643 rie
825 2655 827 2660 Ι

68 2709 73 2716 x
131 2683 216 2732 Altera
227 2681 303 2744 poscit
314 2694 384 2742 opem
396 2694 445 2738 rea,
458 2686 483 2727 et
496 2681 607 2739 conjurat
617 2680 702 2729 amice.

131 2770 180 2825 Qui
192 2769 272 2818 studet
283 2775 390 2830 optatam
402 2781 474 2816 censu
486 2767 626 2828 contingere
638 2775 738 2828 metam,

131 2860 212 2908 Multa
221 2857 279 2906 tulit
291 2856 393 2930 fecitque
404 2871 478 2919 puer;
496 2856 590 2905 nudavit
601 2863 625 2904 et
636 2855 708 2918 aleit3

131 2945 257 2996 Abstinuit
267 2947 361 2994 Venere
372 2951 397 2992 et
406 2943 472 2992 vino.
505 2944 554 2998 Qui
567 2945 653 3008 Pythia
662 2952 743 2993 mutat

131 3035 242 3096 Tibicen,
254 3032 337 3084 didicit
347 3033 425 3097 prius,
436 3031 595 3096 extimuitque
606 3033 758 3096 magistrum
