2192 3742
195 461 243 512 300
433 461 466 514 0.
483 458 624 512 Hostanu
640 457 758 511 FLACCl
798 471 800 475 ·

162 623 166 632 .
196 589 279 644 Quid?
298 588 384 650 siquis
396 585 826 648 rnlmmrvoierns,etpedenmlo‚
856 617 859 622 -

198 677 345 739 Exigrmque
355 686 418 739 tore
429 677 528 727 simulet
539 684 635 726 textore
645 678 775 736 Catonern,

193 761 347 810 virtutemne
357 769 512 824 representet
522 775 650 822 morasque
661 760 780 810 catonis?

196 849 271 912 Rupit
282 849 396 898 Iarbitam
407 849 547 909 Timagenis
558 849 648 900 emnia
658 849 752 910 lingna,

196 939 260 986 Dnm
271 937 352 988 suadet
362 939 479 996 urbanus,
491 937 616 999 vaditque
625 937 730 988 (liserhsa
741 939 835 988 haberi.

196 1030 290 1093 Decipit
300 1031 424 1093 exemplar
436 1029 500 1080 vitiis
511 1030 644 1079 imitabile:
661 1030 728 1092 qnod
737 1031 759 1080 ei

198 1118 316 1168 Pallerem
327 1131 394 1176 cmu,
406 1117 516 1168 biberent
525 1131 647 1178 exsangue
656 1119 791 1168 cuminum

198 1209 220 1258 0
232 1208 376 1266 imitatores,
388 1223 484 1258 sermm
495 1223 579 1270 paens,
590 1216 619 1256 nt
629 1208 690 1256 mihi
701 1215 764 1271 sepe

145 1319 148 1326 ·
196 1297 286 1356 hilam,
297 1311 361 1359 sepe
369 1299 452 1357 jocum
464 1297 537 1346 vestri
549 1311 646 1346 movere
656 1297 792 1346 multas!

197 1386 283 1434 Libere
293 1400 337 1448 per
347 1399 448 1434 vacuum
460 1385 529 1447 posui
542 1385 640 1446 vestgia
649 1386 777 1448 princeps3

198 1475 254 1521 Non
265 1474 345 1524 aliena
357 1488 411 1522 meo
423 1474 500 1537 pressi
510 1475 585 1537 pede:
602 1474 645 1536 qui
655 1475 703 1524 sihi
713 1471 768 1524 odic

197 1563 254 1610 Dux
266 1561 328 1622 regit
337 1577 448 1612 examen.
482 1563 567 1612 Parios
577 1577 622 1624 ego
632 1563 726 1626 ammana
736 1563 830 1613 iambos

198 1650 300 1700 Ostendi
312 1652 392 1712 Latio,
405 1667 520 1701 numeros
533 1654 676 1714 animosque
687 1661 782 1702 secnma

197 1739 347 1798 Archilochi,
359 1754 409 1788 non
421 1755 459 1789 res
471 1748 496 1789 et
507 1740 603 1801 mentia
611 1742 685 1789 verba
696 1741 839 1803 Lycamben.

86 1889 92 1896 ι
196 1831 242 1888 Ac,
254 1844 286 1878 ne
298 1843 337 1877 me
349 1829 414 1878 foliis
426 1829 484 1878 ideo
491 1829 641 1878 brevioribus
653 1842 736 1888 ornes,

197 1918 269 1972 Quod
280 1918 351 1967 timui
363 1928 456 1967 mutare
468 1919 555 1967 modos
566 1927 592 1966 et
599 1918 714 1966 carminis
725 1925 819 1978 artem

198 2008 327 2070 Temperat
337 2008 479 2058 Archilochi
489 2023 585 2058 mnsam
597 2008 774 2070 pedemmcola
785 2009 894 2070 Sappho,

197 2097 327 2158 Temperat
336 2097 449 2157 Alcaeus;
467 2096 509 2145 sed
520 2098 591 2145 rebus
602 2104 627 2144 et
637 2097 723 2145 ordine
733 2097 824 2158 dispar,

199 2187 250 2234 Nec
261 2200 371 2235 socerum
382 2185 468 2247 qnaerit
479 2199 552 2247 quem
565 2185 672 2234 versibus
683 2185 778 2235 oblinat
787 2175 856 2244 atris,

198 2277 249 2324 Nec
261 2291 355 2339 sponse
365 2276 478 2339 laqueum
490 2278 585 2326 famoso
595 2277 703 2325 carmine
713 2277 796 2326 nectit.
838 2287 844 2296 ’

199 2366 270 2415 Hunc
281 2381 335 2428 ego,
348 2381 396 2415 non
409 2367 458 2415 alio
468 2367 560 2415 dictum
571 2366 638 2428 prius
649 2381 704 2426 ore,
716 2367 815 2416 Latinus

198 2455 300 2515 Vulgari
310 2455 409 2503 fidicen:
425 2457 494 2514 Juvat
506 2454 677 2503 immemorata
687 2455 804 2504 ferentem

198 2543 311 2603 Ingenuis
322 2542 445 2604 oculisque
455 2543 502 2603 legi
514 2544 672 2605 manibusque
682 2544 768 2592 teneri.

199 2630 266 2678 Scire
276 2630 346 2690 velis,
358 2645 414 2679 mea
423 2645 467 2678 cnr
478 2630 585 2692 ingratas
596 2633 712 2693 opuscula
722 2632 798 2680 lector

199 2717 291 2768 Laodet
301 2725 412 2781 ametque
424 2720 500 2779 domi,
511 2728 606 2782 premat
615 2729 686 2769 extra
695 2720 772 2769 limen
782 2719 880 2781 iniquus
890 2722 900 2767 ἓ

199 2809 255 2855 Non
267 2821 311 2868 ego
324 2815 427 2856 ventosae
438 2809 515 2870 plebis
526 2809 641 2870 suffragia
649 2821 725 2857 venor

199 2896 316 2959 Impensis
326 2891 452 2945 coenarum
463 2898 563 2947 attritae
574 2911 675 2946 munere
683 2897 772 2958 vestis;

199 2986 256 3032 Non
267 2998 311 3046 ego
323 2972 442 3032 rrobilium
454 2987 598 3046 scriptorum
610 2984 705 3033 auditor
716 2991 742 3033 et
751 2985 827 3043 ultor,
858 3007 862 3012 ·

198 3072 374 3122 Grammaticas
384 3072 476 3121 ambire
486 3073 564 3122 tribas
575 3081 601 3123 et
610 3072 704 3137 pulpita
713 3071 813 3134 dignor:
