2192 3742
182 464 229 512 172

422 461 453 513 Q.
471 460 612 510 HORATll
629 459 747 509 Flacci

247 590 324 638 Nulla
333 589 366 637 sit
375 590 421 639 bac
431 588 512 652 potior
523 588 661 650 seutentia3
679 589 839 637 Phocaeorum

311 678 385 727 Velut
394 677 502 740 profugit
511 684 637 727 exsecrata
646 676 740 735 civitas,

247 769 326 829 Agros
336 775 408 829 atque
419 768 493 815 baras
503 766 606 829 patrios,
618 765 795 827 habitandaque
806 765 865 813 lana

311 858 385 921 Apris
396 857 495 920 reliquit
506 865 531 907 ct
542 857 668 920 rapacibus
679 856 743 918 lupis
752 875 760 917 3

248 949 298 1008 ire,
309 948 382 1010 pedes
393 960 536 1009 quocumque
547 946 638 1004 ferent,
649 958 792 1005 quocunque
803 958 846 1007 per
857 943 938 993 undas

313 1037 393 1083 Notus
403 1034 509 1094 vocabit,
520 1041 564 1083 aut
574 1041 701 1096 protervus
712 1032 819 1081 Africum.

249 1122 290 1171 Sic
300 1123 397 1185 placet?
416 1135 448 1169 an
458 1121 546 1169 melius
558 1121 612 1182 quis
623 1121 696 1168 babet
707 1120 825 1167 suadere?
846 1120 956 1167 secunda

314 1211 400 1257 Ratem
411 1222 529 1271 occupare
540 1207 599 1269 quid
610 1220 735 1255 moramur
747 1206 823 1254 alite?

250 1297 297 1347 Sed
305 1299 415 1358 juremus
427 1296 453 1344 in
464 1298 530 1345 baec:
548 1296 629 1345 Simul
640 1295 695 1343 imis
707 1309 766 1343 saxa
777 1294 888 1343 renarint

313 1384 387 1434 Vadis
399 1386 487 1446 levata,
498 1399 530 1433 nc
540 1384 620 1433 redire
632 1383 664 1433 sit
675 1384 753 1444 nefas,

249 1476 305 1521 Neu
314 1486 432 1521 conversa
441 1472 542 1521 domum
551 1472 630 1535 pigeat
641 1471 699 1520 dare
711 1472 797 1532 lintea,
811 1472 907 1534 quando

316 1560 394 1609 Padus
406 1560 503 1608 Matina
512 1560 599 1608 laverit
609 1559 745 1619 eacumina,

250 1651 279 1698 ln
291 1663 358 1697 mare
368 1663 412 1698 seu
421 1652 501 1698 celsus
512 1647 662 1712 procurrerit
671 1648 826 1711 Apenninus,

315 1741 431 1801 Notaque
441 1746 553 1788 monstra
559 1737 672 1799 jmrxerit
681 1736 783 1787 libidine

251 1828 331 1877 Mirus
342 1842 411 1877 amor
419 1848 426 1877 z
435 1830 504 1889 iuvet
513 1835 543 1877 ut
552 1826 626 1889 tigres
639 1825 763 1875 subsidere
773 1825 860 1885 cervis,
878 1846 882 1857 ¹

316 1916 474 1967 Adtdteretur
483 1924 508 1966 et
518 1917 632 1965 columba
642 1915 731 1976 miliio,

254 2006 359 2056 Credula
369 2021 414 2056 nec
425 2022 496 2056 ravos
506 2007 609 2056 timeant
619 2014 731 2055 armenta
741 2008 825 2055 leones
834 2026 842 2068 3
915 2052 917 2055 .

316 2096 436 2157 Ametque
447 2097 511 2145 salsa
520 2097 581 2145 levis
592 2094 673 2143 hircius
685 2109 790 2157 aequora.

255 2184 323 2243 Haec,
334 2190 360 2231 et
369 2197 423 2245 quae
432 2192 548 2246 potenmt
558 2184 650 2233 reditus
662 2184 803 2233 abscindere
814 2182 906 2242 dulces,

320 2274 410 2321 Eamus
421 2274 503 2322 omnis
513 2282 639 2323 exsecrata
648 2273 744 2333 civitas,

253 2364 305 2411 Aut
314 2374 370 2425 pars
381 2360 482 2412 indocili
492 2361 579 2409 melior
591 2374 661 2421 grege
671 2380 678 2421 ;
697 2359 779 2409 mollis
790 2366 816 2409 et
826 2374 912 2422 exspes

319 2447 457 2497 lnominata
467 2448 601 2511 perprimat
610 2447 708 2497 cubilia

254 2538 315 2597 Vos,
328 2534 415 2598 quibus
424 2543 463 2585 est
471 2536 560 2597 viram,
570 2536 716 2586 muliebrem
726 2536 807 2585 tollite
817 2537 920 2594 luctum,

318 2625 422 2673 Etrusca
432 2632 556 2687 praeterat
567 2626 646 2675 volate
656 2624 749 2673 littora.

215 2783 218 2788 y
257 2714 309 2762 Nos
321 2720 404 2762 manet
414 2727 520 2763 oceanus
531 2712 623 2763 circum
634 2726 707 2774 vaguas
718 2726 789 2761 arva:
807 2712 878 2759 beata

321 2806 434 2853 Petamus
445 2820 513 2866 arva,
524 2804 610 2854 divites
622 2813 647 2855 et
657 2805 768 2867 insulas3

256 2890 344 2939 Reddit
352 2892 396 2941 ubi
407 2894 521 2942 Cmerem
532 2894 606 2943 tellus
618 2893 713 2943 inarata
724 2892 865 2957 quotannis,

322 2980 355 3027 Et
366 2978 485 3042 imputata
495 2982 567 3031 floret
577 2996 654 3045 usque
665 2982 745 3041 unca,
