2192 3742
196 522 244 572 306
283 589 288 602 ⁸
434 521 465 575 Q·
483 520 623 570 llORA'l'll
641 521 759 572 fuscor

197 651 253 700 Non
265 647 377 709 equidem
387 648 503 709 insector,
515 648 647 698 delendave
657 649 767 698 earmina
776 650 830 700 biri

196 745 256 794 Esse
267 759 333 807 reor,
345 745 445 794 memini
456 761 509 808 quar
522 746 649 807 plagosum
660 744 721 793 milri
731 759 806 808 parvo

196 835 319 884 Orbilium
329 835 433 898 dictare;
451 835 494 884 sed
504 834 632 884 emendate
641 833 718 882 videri

195 923 356 987 Pulchraque,
367 932 392 973 et
401 924 492 973 exactis
503 924 632 972 minimum
644 922 769 982 ffismtia,
780 921 866 972 miror.
911 945 918 953 ·

196 997 261 1061 inter
272 1027 325 1076 quae
336 1013 437 1062 verbum
448 1011 547 1061 emicuit
558 1011 579 1060 si
592 1012 655 1060 forte
666 1011 792 1073 decorum,
804 1020 829 1060 et

195 1101 222 1150 Si
233 1115 315 1150 versus
325 1102 398 1164 paulo
409 1101 551 1150 ooneinnior
560 1114 624 1149 unus
635 1106 660 1148 et
670 1100 742 1159 alter,

196 1192 288 1251 injuste
298 1197 377 1240 toturn
389 1189 456 1239 (lucit
465 1190 594 1251 venditque
605 1195 701 1252 poema.

195 1278 311 1341 Indignor
321 1279 452 1342 quidquam
463 1278 617 1342 reprebendi,
629 1293 680 1326 non
692 1278 749 1340 quia
758 1291 838 1328 crasoe

196 1367 364 1430 Conpositum
374 1367 500 1431 illepideve
511 1351 619 1430 qutetrrr,
631 1368 674 1416 sed
685 1368 742 1429 quia
751 1382 846 1430 nuper3

195 1459 246 1505 Noc
256 1457 351 1506 veniam
363 1457 479 1520 antiquis,
491 1457 534 1506 sed
545 1458 665 1506 honorem
675 1465 701 1506 et
711 1457 813 1520 premia
821 1459 898 1520 posci.

195 1545 267 1594 Recte
278 1559 353 1594 necne
363 1560 461 1594 uocum
474 1545 594 1607 floresque
604 1547 755 1608 perambulet
766 1548 829 1595 Attae

195 1634 287 1682 Fabula
297 1633 317 1683 si
328 1634 447 1694 dubitem,
458 1635 565 1683 clament
574 1634 662 1696 periise
672 1635 790 1696 pudorem

196 1723 282 1772 Cuncti
294 1739 362 1786 paene
373 1731 452 1786 patres
461 1744 469 1786 3
486 1737 515 1772 ea
526 1739 582 1774 cum
593 1723 769 1786 reprehendere
778 1737 853 1772 ooner

195 1811 255 1865 Quae
267 1812 344 1873 gravis
355 1813 470 1875 AEsopus,
482 1827 535 1875 quae
547 1813 632 1862 domus
643 1813 744 1862 Roscius
754 1811 816 1874 agite

193 1902 239 1948 Vel
250 1901 307 1962 quia
317 1901 352 1949 nil
364 1909 467 1961 rectum,
480 1901 527 1950 nisi
537 1901 603 1962 quod
612 1901 703 1963 placuit
713 1900 770 1962 sibi,
781 1899 891 1962 ducunt3

193 1991 238 2039 Vel
250 1989 307 2052 quia
316 1997 387 2054 turpe
398 1997 484 2053 putant
493 2004 579 2052 parere
590 1989 736 2050 minoribus,
748 1996 773 2038 et
782 2003 838 2051 qnae

193 2078 299 2127 lmberbi
309 2077 423 2138 didicere,
435 2091 504 2127 senes
516 2078 638 2140 perdenda
648 2077 727 2126 fateri.

193 2169 250 2217 lam
263 2167 354 2216 Saliare
366 2168 453 2215 Numae
464 2180 563 2214 cumen
574 2165 615 2227 qui
627 2165 719 2226 laurlat,
732 2172 757 2214 et
767 2164 830 2214 illud

194 2255 266 2309 Quod
276 2269 371 2303 mecum
382 2253 486 2316 ignorat,
499 2255 566 2302 solus
576 2255 629 2302 vult
638 2254 700 2304 scire
709 2253 800 2302 videri:

194 2343 300 2405 Ingeniis
311 2357 360 2392 non
372 2343 414 2391 ille
425 2343 488 2391 favet
499 2342 639 2404 plauditque
650 2341 761 2404 sepulu's,
893 2396 897 2401 ⁵

194 2430 285 2506 lffostra
296 2428 338 2477 sed
348 2428 482 2490 impugnat,
496 2441 540 2475 nos
553 2434 684 2488 nostraque
694 2426 782 2475 lividus
793 2426 854 2478 odit.

194 2517 297 2571 Quodsi
308 2524 358 2566 tam
370 2515 451 2564 Graiis
462 2515 556 2563 novitas
567 2515 646 2562 invisa
656 2514 741 2563 fuisset

194 2607 274 2659 Quam
284 2605 365 2664 nobis,
378 2603 436 2665 quid
447 2617 511 2651 nunc
522 2607 681 2652 essetvetus?
700 2611 742 2652 aut
752 2601 810 2665 quid
820 2604 924 2654 haberet

193 2693 266 2747 Quod
276 2695 366 2754 legeret
376 2699 511 2752 tereretque
521 2691 612 2739 viritim
623 2693 733 2754 publicus
743 2695 822 2741 usus?

195 2783 231 2832 Ut
241 2781 348 2844 primurn
358 2781 443 2843 positis
454 2781 543 2842 nugari
549 2780 643 2828 Graecia
654 2781 725 2829 bellis

195 2869 285 2932 Coepit,
296 2869 357 2918 etin
369 2869 454 2919 vitium
465 2871 564 2918 fortuna
574 2869 651 2918 labier
663 2881 741 2931 aequa,

192 2961 264 3007 Nune
274 2958 421 3006 athletarum
432 2958 528 3019 studiis,
540 2973 604 3007 nunc
615 2957 674 3007 arsit
683 2971 816 3021 equorum
842 3004 845 3009 ⁴

193 3044 326 3094 Marmoris
339 3052 380 3094 aut
390 3046 470 3094 eboris
482 3046 564 3096 fabros
575 3054 618 3096 aut
627 3046 683 3096 aeris
694 3045 800 3106 amavit3

194 3133 324 3198 Suspendit
334 3134 400 3199 pieta
408 3135 502 3185 vultum
513 3144 668 3200 mentemque
678 3136 784 3197 tabella;
