2192 3742
192 533 239 582 ³34
426 535 456 588 Q.
475 533 615 584 HORA'i'il
635 533 752 585 aiace!

191 662 281 708 Verum
292 659 359 724 operi
371 663 445 724 longo
456 662 493 710 iss
504 669 542 711 est
552 663 669 724 obrepere
680 676 804 710 somnum.

192 750 227 798 Ut
237 749 341 811 pictura,
352 750 446 812 poesis:
463 749 511 799 erit
521 765 586 812 quae,
598 750 620 800 si
630 749 730 813 propius
740 758 801 810 stes,

189 837 225 884 Te
236 836 314 899 capiat
325 837 411 898 magis,
422 845 447 886 et
458 837 580 899 quaedam,
592 838 614 886 si
623 838 718 899 longius
730 839 823 887 abates:

190 925 248 973 Haec
259 933 325 974 amat
335 927 476 987 obscurum,
487 928 553 975 volet
562 927 614 974 hac
626 928 672 974 sub
682 927 737 974 luce
747 927 836 988 videri,

187 1015 203 1062 J
207 1011 282 1062 udicis
294 1023 405 1076 argutum
416 1029 468 1076 qure
480 1029 530 1063 non
541 1015 658 1063 formidat
668 1027 769 1064 acumen
779 1035 785 1063 ι

191 1103 248 1150 Hac
259 1103 350 1165 placuit
361 1105 446 1164 semel,
458 1104 509 1152 hec
520 1103 600 1152 decies
611 1105 713 1167 repetita
723 1105 837 1167 placebit.

191 1191 213 1239 0
225 1193 303 1251 maior
311 1193 438 1251 juvenum,
450 1191 559 1253 quamvis
569 1200 596 1240 ct
604 1207 664 1241 voce
675 1201 777 1255 paterna

188 1279 296 1340 Fingeris
308 1280 338 1328 ad
348 1289 451 1340 rectum,
462 1289 488 1329 et
497 1295 540 1343 per
552 1289 576 1329 te
588 1281 662 1344 sapis,
673 1282 721 1330 hoc
731 1281 776 1330 tibi
787 1282 880 1330 dictum

188 1369 259 1416 Tolle
271 1383 381 1431 memor-3
399 1369 471 1417 certis
482 1369 591 1418 medium
600 1377 626 1418 et
635 1370 763 1418 tolerabile
775 1371 849 1420 rebus

188 1458 261 1504 Recte
272 1457 382 1506 concedi:
401 1459 527 1506 consultus
536 1458 600 1518 juris
611 1465 636 1506 et
646 1465 713 1506 actor

189 1544 323 1593 Causarum
334 1544 461 1594 mediocris
474 1545 542 1594 abest
551 1545 641 1594 virute
651 1546 737 1609 diserti

187 1634 309 1694 Messala,
322 1633 420 1706 nec'scit
429 1641 546 1696 quantum
559 1633 692 1682 Casoessius
702 1634 800 1695 Aulus3

186 1721 234 1771 Sed
245 1730 325 1771 tamen
338 1721 363 1770 in
376 1721 453 1785 pretio
465 1730 515 1770 est:
533 1721 695 1770 mediocribus
707 1737 760 1771 csse
770 1721 850 1785 poetis

186 1813 243 1859 Non
255 1811 377 1871 homines,
390 1825 440 1859 non
449 1809 492 1871 Di,
504 1825 555 1858 non
566 1825 707 1860 concessere
717 1813 847 1860 calumme.

187 1902 223 1949 Ut
233 1909 312 1961 gratas
324 1900 387 1948 inter
395 1913 491 1948 mensas
502 1886 647 1962 symphoriia
657 1899 760 1961 discors,

185 1989 218 2036 Et
228 2003 334 2037 crassum
346 1997 507 2050 unguentum,
520 1998 545 2038 et
556 1990 634 2038 Sardo
644 2004 701 2038 etim
713 1991 786 2039 melle
796 2002 899 2055 papaver

186 2079 336 2142 Offendunt3
353 2087 448 2142 poterat
458 2079 513 2128 duci
524 2078 581 2141 quia
590 2093 660 2128 coena
671 2080 724 2128 sine
735 2079 802 2128 istis:

185 2166 226 2216 Sic
237 2167 324 2216 animis
336 2176 420 2217 uatum
432 2169 604 2230 inventumque
615 2171 703 2230 poema
710 2167 835 2227 Juvandis,·

184 2255 211 2304 Si
221 2257 320 2318 paulum
332 2269 347 2304 s
357 2269 453 2306 summo
461 2255 573 2315 decessit,
583 2256 661 2316 vergit
670 2256 701 2302 ad
712 2255 798 2303 imum.

184 2343 276 2393 Ludere
287 2344 329 2406 qui
341 2333 427 2409 nesdt,
438 2345 610 2414 campestrspus
622 2345 727 2393 abstinet
737 2343 821 2404 umis,

184 2432 344 2496 Indoctusque
356 2414 410 2501 pisae
423 2435 511 2483 discive
517 2434 631 2497 -trocirisje
641 2433 759 2495 quiescit;

183 2522 221 2569 Ne
232 2521 314 2584 spisse
325 2523 401 2570 risum
410 2524 499 2571 tollant
511 2523 609 2584 impune
617 2536 728 2570 coronae:

123 2655 128 2660 .
183 2609 231 2663 Qui
243 2612 329 2672 nescit,
340 2625 423 2660 versus
434 2619 515 2659 tamen
528 2612 600 2660 audet
611 2611 720 2671 tingere!
739 2611 758 2666 1
769 2608 886 2663 Quidni?

181 2699 253 2748 Liber
263 2708 289 2750 et
299 2701 427 2763 ingenuus,
436 2701 570 2764 prasertim
582 2715 668 2749 census
679 2706 816 2760 equestrem

182 2789 307 2838 Summam
320 2805 486 2851 nummorum,
498 2791 605 2852 vitioque
616 2797 724 2838 remotus
735 2789 766 2836 ab
778 2785 855 2835 omui.

181 2880 201 2935 {s
209 2879 248 2925 'lu
261 2878 322 2926 nihil
334 2879 409 2928 invita
420 2879 483 2928 dices
495 2880 597 2927 faciesve
609 2878 737 2937 Minerva3

181 2967 209 3018 Id
219 2966 264 3016 tibi
271 2967 388 3027 judicium
401 2977 448 3029 est,
457 2983 488 3017 ea
498 2983 567 3016 mens
577 2986 582 3015 :
601 2967 622 3015 si
632 2965 691 3029 quid
700 2972 783 3013 tamen
793 2961 853 3011 clim

180 3055 321 3119 scripseris,
330 3057 355 3105 in
368 3057 437 3106 Metii
449 3057 578 3106 descendat
586 3056 675 3118 iudicis
686 3067 767 3113 aures,
