2192 3742
334 475 528 527 SERMONUM
546 479 608 527 LIB.
627 481 645 527 1.
663 480 693 528 iv.
868 486 913 535 199
959 500 962 505 ·

109 604 146 651 Ut
156 601 246 663 mavia,
256 601 361 652 imitare.
393 606 484 654 Beatus
497 606 616 667 Fannius,
626 609 693 657 ultro

109 689 205 738 Delatir
215 690 294 753 capsis
305 698 330 740 et
340 691 463 755 imagine3
479 706 536 741 cnm
547 708 603 744 mea
612 708 684 745 nemo

111 777 209 840 Scripta
217 779 293 839 legat,
299 780 372 840 vulgo
382 779 485 829 recitare
493 780 615 842 timentia,
626 783 658 830 ob
668 782 731 831 hmrc
742 798 805 845 rem,

111 865 186 920 Quod
197 876 256 917 sunt
265 884 327 930 quos
337 884 413 931 genus
424 870 472 919 hoe
482 869 584 919 minime
594 872 672 931 juvat,
684 879 768 935 utpote
778 875 859 937 piures

113 957 216 1019 culpari
226 957 321 1019 dignor.
354 959 470 1013 Quemvis
481 958 562 1008 media
572 959 633 1021 elige
644 960 732 1023 umba3

112 1048 164 1096 Ant
174 1049 208 1096 ob
216 1048 354 1108 avaritiam,
365 1057 408 1097 aut
418 1048 508 1098 misera
517 1049 650 1100 ambitione
661 1051 763 1101 laborat.
772 1069 775 1073 ·

114 1136 162 1185 Hic
172 1144 306 1200 nuptarum
317 1138 418 1186 insanus
429 1139 563 1199 amoribus,
573 1138 612 1187 hic
623 1153 754 1201 puerorum
763 1161 771 1202 3

115 1227 189 1273 Hunc
200 1225 265 1289 capit
275 1225 369 1287 argenti
379 1226 511 1289 splend0r3
529 1233 610 1288 stupet
618 1227 706 1276 Albius
717 1242 782 1290 aere3

116 1313 164 1362 Hic
174 1321 254 1362 mutat
261 1328 359 1363 mercer-
366 1322 480 1376 cumgente
492 1328 508 1362 a
518 1315 580 1375 sole,
592 1314 623 1363 ad
633 1329 690 1364 eum
701 1330 750 1377 quo
761 1374 763 1381 s

115 1402 262 1465 vespertina
271 1410 339 1468 tepet
348 1403 432 1466 [θεῖος
449 1403 508 1465 quin
519 1418 563 1466 per
574 1406 639 1453 mala
648 1419 754 1467 preceps

116 1492 216 1552 Ferunt,
224 1490 266 1569 uti
275 1491 355 1553 pulvis
366 1492 483 1541 collectus
493 1492 601 1552 nrrbine,
614 1508 646 1540 ne
656 1493 715 1554 quid

117 1582 221 1630 Summa
231 1579 346 1641 deperdat
356 1588 479 1642 metuens,
490 1589 532 1629 aut
542 1581 642 1643 ampliet
652 1588 680 1630 ut
690 1596 751 1631 rem.

118 1670 214 1746 Omnes
225 1668 252 1716 hi
263 1676 376 1717 metuunt
386 1684 480 1730 vernus,
491 1671 564 1719 odere
576 1674 671 1721 Poetae.

74 1820 78 1825 .
119 1762 251 1818 rroenum
260 1760 335 1808 habet
345 1760 370 1807 iu
382 1774 470 1819 cornu,
478 1762 552 1822 louge
562 1762 627 1823 fuge,
639 1762 770 1812 dummodo
781 1763 858 1813 risum

119 1845 236 1896 Excutiat
247 1845 304 1906 eibi,
316 1860 367 1894 non
377 1846 422 1895 hic
428 1846 541 1907 cuiquam
551 1854 633 1909 parcet
643 1846 721 1895 amico
732 1868 737 1896 ι

119 1936 165 1995 Et,
176 1933 337 1996 quodcunque
348 1935 423 1982 semel
435 1934 525 1983 chartis
537 1934 651 1995 illeverit,
663 1949 748 1983 omnes

120 2022 217 2072 Gertiet
226 2037 243 2071 a
252 2025 326 2071 furno
337 2022 465 2071 redeuntes
476 2024 540 2071 scire
550 2022 661 2086 lacuque,
673 2036 676 2041 ’

121 2112 157 2160 Et
166 2125 256 2174 pueros
267 2118 293 2159 et
302 2125 371 2159 anus.
404 2113 425 2167 ἵ
429 2111 540 2171 Agedum
551 2125 627 2173 pauca
638 2110 716 2173 accipe
727 2118 826 2158 contra:

124 2199 237 2249 Primum
249 2212 293 2260 ego
303 2213 344 2247 me
355 2198 466 2258 illorum,
478 2198 586 2247 dederim
601 2198 687 2260 quibua
697 2212 750 2247 eece
762 2200 860 2258 Poena,
955 2188 957 2197 ’

121 2290 261 2349 Execrpam
270 2301 388 2335 numero:
406 2286 561 2348 nequeenim
572 2284 716 2334 concludere
726 2300 824 2334 versum

123 2374 224 2424 Dixeris
234 2388 288 2423 esee
298 2375 374 2437 satia3
391 2390 480 2436 neque,
491 2373 513 2423 ei
524 2372 578 2436 quie
590 2372 689 2433 scribat,
699 2372 736 2422 uti
747 2388 803 2433 noe,

125 2462 243 2512 Sermoni
252 2463 378 2525 propiora,
388 2471 459 2525 putea
469 2464 535 2511 hunc
545 2476 598 2510 eece
610 2464 719 2511 Pactam.

126 2550 256 2611 Ingenium
267 2551 307 2598 cui
318 2550 360 2610 eit,
370 2550 410 2598 cui
417 2551 487 2599 mene
499 2549 614 2610 divinior,
626 2558 697 2613 atque
707 2564 735 2597 os

125 2640 219 2699 Magna
229 2645 384 2697 concurrum,
395 2637 437 2685 des
448 2636 556 2685 nominis
566 2638 638 2697 huius
650 2638 778 2686 honorem.

125 2725 221 2775 idcireo
231 2724 340 2787 quidam,
354 2725 490 2785 Comoedia,
500 2740 577 2774 necne
588 2728 679 2775 Poema

127 2816 210 2874 Esset,
222 2813 370 2876 quasivere3
387 2814 453 2875 quod
463 2827 517 2862 acer
527 2813 627 2876 spiritus
639 2827 666 2863 ac
677 2813 713 2861 via

127 2904 182 2951 Nec
190 2901 271 2950 verbis
280 2915 325 2949 nee
335 2902 408 2949 rebus
418 2901 499 2963 ineet3
515 2901 564 2949 nini
574 2900 640 2963 quod
651 2902 711 2963 pede
720 2907 787 2949 certo

128 2989 217 3039 Differt
228 2989 347 3048 sermoni,
358 3002 439 3037 eerruo
451 3002 541 3036 merus.
576 2992 633 3049 iitit
643 2996 712 3051 pater
722 2988 809 3037 ardens

130 3076 216 3138 Saevit,
228 3076 295 3138 quod
304 3075 433 3125 meretrice
443 3090 520 3139 nepos
530 3076 631 3125 insanus
642 3060 719 3125 amica
811 3064 816 3081 ¹
