2192 3742
347 428 534 480 GARMINUM
551 430 614 481 tm.
632 431 677 482 111.
693 447 716 483 v.

258 554 364 619 Derepit
373 556 438 607 vidit
454 558 505 607 viui
513 574 559 621 ego
569 559 658 609 civium

258 644 360 690 Retortu
367 650 437 705 tergo
447 646 547 693 brachio
557 648 646 709 libero,

289 732 425 792 Portosque
435 747 486 780 nou
497 733 603 795 clausos,
614 744 640 785 et
649 750 707 787 arva

321 820 404 867 Marte
414 820 463 869 ooli
474 823 591 883 populeis
601 833 695 876 nostro.

255 993 325 1041 Auro
335 1007 452 1055 repensus
463 995 556 1044 scilieet
567 997 646 1047 acrior

256 1080 329 1130 Miles
341 1082 445 1131 redibit:
463 1084 555 1145 flagitio
567 1086 654 1135 additis

288 1170 420 1219 Damnum.
454 1173 548 1229 Nsous
560 1174 663 1224 amissos
674 1178 768 1227 colores

320 1259 389 1306 Lana
398 1259 474 1307 refert
484 1260 603 1310 medicato
611 1263 682 1312 fuco:

255 1430 307 1477 Nec
316 1442 376 1477 vcro
385 1429 474 1492 virtus,
484 1446 541 1481 cum
553 1436 629 1483 semel
641 1436 740 1498 excidit,

255 1518 332 1565 Curat
342 1518 429 1579 reponi
440 1519 610 1571 deterioribus.

287 1604 314 1653 Si
325 1614 417 1667 pugnat
427 1607 545 1657 mutes
557 1609 638 1659 densis

320 1694 399 1742 Cerva
406 1695 495 1757 plagis,
505 1697 554 1745 erit
563 1698 606 1747 ille
617 1700 698 1760 fortis,

254 1866 302 1921 Qui
313 1867 412 1930 perfidis
423 1882 450 1917 sc
461 1869 564 1919 credidit
574 1870 701 1935 hostibus3

252 1956 285 2003 Et
296 1957 378 2004 Marte
388 1958 479 2005 Poeuos
490 1966 599 2020 proteret
609 1959 697 2021 mero,

286 2042 334 2097 Qui
345 2044 400 2092 loro
410 2045 528 2093 restrictis
540 2046 637 2095 lacertis

317 2131 400 2179 Sensit
410 2131 488 2193 iners,
498 2132 628 2197 timuitque
638 2144 750 2185 mortem.

252 2302 309 2362 Hic,
320 2304 386 2352 uude
396 2304 472 2353 vitum
482 2316 600 2369 sumeret,
611 2309 712 2371 inscius,

251 2391 339 2439 Pacem
350 2391 434 2441 duello
444 2393 550 2443 miscuit.
585 2397 608 2446 0
620 2397 715 2459 pudor!

285 2480 307 2528 0
319 2494 409 2541 magus
419 2483 551 2545 Carthago,
563 2486 687 2548 probrosis

314 2568 397 2617 Altior
410 2572 487 2621 ruric
497 2573 576 2623 ruinis
586 2578 592 2623 i

252 2742 339 2789 Fertur
343 2742 442 2804 *pudica
452 2745 561 2809 conjugis
572 2750 694 2810 osctrlum,

252 2831 390 2893 Psrvosque
400 2841 482 2895 ustos,
493 2844 522 2885 ut
531 2837 616 2901 cupitis
627 2838 719 2899 minor,
803 2890 810 2895 ,

282 2921 321 2968 Ab
331 2934 357 2968 se
368 2923 547 2987 removissem
557 2928 653 2978 virilem

313 3011 410 3061 Torvus
420 3013 489 3063 humi
499 3016 609 3079 posuisse
619 3020 731 3079 vultum3
