2192 3742
366 509 409 558 DE
426 511 514 560 ARTE
532 507 685 564 Pontico.
878 519 928 568 323

124 636 225 686 Ordinis
238 637 289 686 baec
299 636 376 688 muts
386 637 434 687 erit
445 647 470 688 et
479 654 565 701 venus,
577 650 619 690 ant
629 657 674 704 ego
686 644 770 704 fallor,

124 728 160 775 Ut
168 727 221 786 jam
233 740 298 774 nunc
310 725 384 786 dicat,
393 727 445 786 jam
456 741 522 776 nunc
533 728 646 778 debentia
659 729 706 778 dici

124 814 242 876 Pleraque
253 813 358 874 differat,
370 821 394 862 et
405 829 511 876 praesens
522 815 546 864 in
559 824 655 880 tempus
666 817 771 868 omittat.

123 903 151 950 ln
164 903 244 950 verbis
255 901 329 952 etiam
338 902 419 952 tenuis
430 911 561 966 cautusque
572 905 691 965 serendis,

123 992 177 1038 Hoc
188 998 263 1050 amet,
274 991 321 1040 hoc
332 998 430 1052 spernat
439 990 555 1053 promissi
562 993 677 1041 carminis
688 1001 781 1052 auctor.

122 1079 221 1128 Dixeris
233 1079 336 1140 egregie,
350 1087 436 1128 notum
448 1081 469 1128 si
480 1081 568 1143 callida
579 1082 680 1130 verbum

121 1168 262 1218 Reddiderit
270 1171 386 1229 junctura
396 1184 494 1218 novum.
529 1169 556 1219 si
567 1172 630 1218 forte
642 1185 738 1220 necesse
749 1179 787 1219 est

121 1256 220 1306 iudiciis
232 1265 370 1306 monstrare
380 1259 519 1310 recentibus
530 1260 612 1308 abdita
623 1273 716 1319 rernm,

120 1347 222 1408 Fingere
233 1346 346 1414 ciis-*etune
358 1362 409 1396 non
422 1348 536 1396 exaudita
549 1348 661 1410 Cethegis

122 1435 267 1497 Continget;
286 1435 428 1498 dabiturque
438 1436 537 1486 lieentia
547 1444 628 1485 sumta
638 1436 764 1499 pudenter.

118 1524 152 1572 Et
164 1538 227 1572 nova
237 1523 339 1586 fictaque
350 1539 427 1587 nuper
440 1525 565 1574 habebunt
576 1527 652 1574 verba
662 1525 745 1585 tidem,
759 1523 780 1573 si

120 1613 207 1661 Graeco
214 1614 282 1661 fonte
292 1613 389 1672 cadant,
402 1627 471 1675 parce
483 1615 593 1664 detorta:
612 1615 670 1676 quid
681 1622 762 1663 autem

120 1701 220 1750 Caeeilio
232 1703 367 1762 Plautoque
379 1701 446 1748 dabit
456 1703 592 1760 Romanus,
603 1702 726 1750 ademtam

118 1789 222 1850 Virgilio
234 1789 373 1850 Varioque?
393 1804 437 1850 ego
448 1804 501 1850 cur,
514 1790 637 1852 acquirere
648 1804 725 1852 pauca

95 1890 99 1900 '
118 1881 145 1932 Si
157 1895 267 1944 possum,
280 1881 401 1940 invideor,
412 1895 468 1930 eum
480 1881 563 1942 lingua
574 1880 674 1930 Catonis
685 1889 710 1930 et
721 1880 787 1930 Enni

119 1972 264 2019 Sermonem
276 1969 381 2032 patrium
392 1971 514 2031 ditaverit,
526 1978 552 2020 et
562 1985 626 2018 nova
636 1984 719 2020 rerum

120 2060 229 2108 Nomina
240 2059 387 2122 protulerit?
423 2060 512 2121 Licuit,
524 2075 666 2122 semperque
677 2060 770 2120 licebit,

119 2149 250 2209 Signatum
261 2155 379 2211 praesente
391 2155 450 2196 nota
459 2149 593 2210 producere
602 2164 701 2198 nomen.

121 2239 157 2286 Ut
168 2236 235 2284 siivae
248 2235 314 2284 foliis
325 2249 416 2298 pronos
427 2243 553 2284 mutantur
563 2237 590 2285 in
598 2251 693 2298 annos;
743 2242 745 2245 ’

121 2325 206 2374 Prima
214 2324 318 2386 eadunt:
339 2324 374 2372 ita
383 2326 513 2373 verborum
524 2332 592 2373 vetus
604 2325 688 2373 interit
699 2331 767 2383 aetas,

118 2417 152 2466 Et
160 2418 278 2477 juvenum
289 2415 338 2463 ritu
349 2415 439 2463 florent
451 2415 523 2462 modo
536 2422 595 2462 nata
603 2414 740 2474 vigentque.

118 2506 243 2554 Debemur
254 2504 328 2552 morti
339 2518 384 2553 nos
396 2510 544 2565 nostraque;
562 2503 612 2551 sive
622 2510 732 2564 receptus

117 2597 197 2644 Terra
209 2595 337 2655 Neptunus
348 2595 437 2642 classes
449 2593 604 2654 aquilonibus
615 2599 690 2651 arcet,

117 2683 190 2744 Regis
203 2697 280 2744 opus3
298 2682 434 2743 sterilisque
448 2683 489 2730 din
499 2683 580 2744 palus,
592 2688 695 2743 aptaque
705 2680 789 2739 nmis,

118 2769 217 2820 Vicinas
231 2771 301 2818 urbes
314 2770 367 2830 alit,
380 2777 405 2818 et
415 2784 486 2832 grave
497 2769 572 2818 sentit
583 2777 708 2830 aratrum3

118 2860 168 2908 Seu
178 2871 277 2906 cursum
289 2858 390 2907 mutavit
401 2857 512 2920 iniquum
523 2857 633 2919 frugibus
644 2855 734 2917 amnis,

87 2957 91 2967 ⁴
119 2950 213 2996 Doctus
225 2946 272 2996 iter
283 2949 387 3010 melius;
405 2947 518 2998 mortalia
529 2949 593 2996 faeta
602 2947 731 3010 peribunt:

119 3034 219 3083 Nedum
230 3049 371 3085 sermonum
380 3044 427 3086 stet
437 3037 527 3097 honos,
539 3043 565 3085 et
575 3035 652 3097 gratia
663 3024 740 3084 vium.

119 3106 202 3172 Multa
213 3131 371 3173 renascentur
382 3140 435 3187 quae
444 3128 495 3186 jam
503 3126 620 3186 cecidere,
631 3125 764 3186 cadentque
