2192 3742
349 459 489 510 EPODON
506 462 613 509 LIBER.
837 460 882 507 175

207 587 269 637 Tuis
279 587 382 651 eupillus
392 590 462 637 albus
473 596 511 637 est
520 588 656 648 odoribus,'

211 678 315 725 Nullum
324 691 341 725 a
351 678 435 726 labore
446 691 485 726 me
496 677 701 727 reclinatorium:

211 767 288 827 Urget
298 765 364 815 diem
376 781 437 826 nox,
445 774 470 815 et
481 766 532 815 dies
543 774 651 827 noctem,
662 780 740 828 neque
750 772 787 814 est

211 856 302 903 Levare
312 861 380 903 tenta
391 854 480 917 spiritu
490 855 631 918 praeeordia.

211 943 277 1003 Ergo
288 949 403 1003 negatum
413 942 498 992 vincor
508 951 537 991 ut
546 944 644 991 credam
655 942 740 1002 miser,

212 1031 311 1079 Sabella
320 1039 404 1093 pectus
415 1029 542 1093 inerepare
552 1032 670 1091 earmina,

214 1120 339 1183 caputque
349 1122 435 1168 Marsa
445 1120 551 1169 dissilire
562 1121 650 1170 uaeuia.

214 1209 280 1263 Quid
289 1209 394 1272 amplius
405 1209 463 1257 vis?
483 1210 506 1257 0
518 1224 587 1258 mare
598 1217 624 1258 et
633 1212 714 1258 terra!
732 1211 817 1271 ardeo,

214 1300 340 1353 Quantum
351 1306 495 1360 sequestro
507 1298 630 1347 delibutus
642 1300 758 1348 Heredes

216 1388 289 1437 Nessi
300 1402 397 1448 cruore,
409 1402 454 1443 uec
465 1388 553 1436 Sicana
563 1387 655 1436 fervida

215 1479 297 1527 Ureus
308 1476 334 1526 iu
346 1479 423 1526 AEtna
432 1478 539 1525 flamma„
573 1479 623 1538 iu,
635 1477 712 1527 donee
723 1476 783 1526 cinis

216 1564 344 1625 Iujuriosis
355 1564 437 1613 aridus
448 1564 527 1613 ventis
537 1566 613 1626 ferar,

217 1652 288 1701 Cales
300 1652 398 1701 venenis
410 1652 506 1700 officina
517 1653 646 1702 Colchicis.

215 1742 276 1795 Quae
288 1741 364 1789 finis?
383 1748 426 1789 aut
436 1741 501 1803 quod
510 1755 551 1790 me
562 1749 645 1790 manet
655 1740 801 1805 stipendium
812 1744 821 1789 ?

216 1831 310 1879 Effare:
325 1832 406 1891 iussas
417 1846 473 1880 cum
484 1832 532 1881 fide
543 1847 628 1895 poenas
638 1835 716 1893 luam,

218 1919 320 1967 Paratus
331 1920 440 1981 expiare,
452 1935 495 1969 seu
505 1920 644 1983 poposceris

219 2005 324 2054 Centum
332 2008 459 2067 juvenem,
471 2008 521 2057 sive
532 2008 643 2057 mendaci
653 2010 706 2073 lyra

217 2096 292 2144 Voles
302 2095 404 2157 sonari3
420 2103 449 2144 tu
459 2097 555 2160 pudiea,
567 2106 595 2147 tu
606 2100 693 2161 proba,

219 2186 404 2235 Perambulabis
416 2193 482 2235 astru
492 2187 558 2236 sidus
570 2202 679 2237 aureum.
758 2178 762 2190 ’

220 2274 321 2323 iufamia
333 2275 434 2323 Helenae
446 2275 533 2324 Castor
544 2276 650 2325 offensus
661 2274 722 2334 vice,

219 2364 351 2425 Fraterque
362 2362 443 2424 magui
456 2363 575 2425 Castoris,
587 2364 643 2413 victi
654 2378 734 2427 prece,

221 2451 327 2499 Ademtu
337 2452 386 2499 vati
398 2450 523 2500 reddidere
535 2452 637 2501 lumina„

222 2542 255 2588 Et
265 2548 293 2589 tu
307 2541 386 2604 (potes
397 2538 465 2601 num)
480 2541 547 2589 solve
560 2555 599 2589 me
610 2540 741 2600 dementia,

222 2629 244 2679 O
257 2644 301 2679 nec
311 2628 419 2692 paternis
432 2630 543 2678 obsoleta
554 2630 676 2690 sordibus,

222 2720 274 2766 Nec
285 2718 311 2767 in
323 2716 439 2780 sepulcris
449 2732 580 2781 pauperum
592 2718 697 2781 prudeus
709 2733 768 2767 auus

223 2805 385 2855 Nouendiales
396 2805 513 2869 dissipare
523 2807 642 2870 pulveres.

222 2892 279 2941 'libi
288 2893 408 2957 hospitale
417 2902 510 2957 peetus,
521 2903 547 2944 et
557 2912 623 2959 purae
635 2912 721 2946 manus
731 2919 738 2960 3
779 2886 781 2891 ’

224 2984 339 3044 'musque
350 2990 433 3032 venter
445 2984 597 3033 Pactumeius
607 3005 615 3047 3
633 2994 658 3035 et
668 2994 711 3035 tuo
