2192 3742
172 451 221 499 m
414 451 446 503 Q.
463 449 603 499 noum!
620 450 738 501 mccl

175 576 288 625 Viverem
298 576 335 627 uti
344 586 473 627 conuentus
481 592 522 639 co,
533 578 599 640 quod
609 568 644 627 nii
655 579 707 641 ipse
716 587 837 642 parasset:
916 580 920 585 '

176 670 265 718 Nonne
274 668 351 730 vides,
361 668 421 717 Albi
430 677 460 717 ut
469 670 534 718 maie
543 669 608 718 vivat
618 670 701 719 filius?
720 678 794 733 utque

176 760 267 807 Burrus
278 756 366 821 inops?
386 772 500 819 maguum
510 757 693 819 ᾰοιιιιιιειιτιιιιι,
705 773 736 807 ne
746 758 850 822 patriam
860 772 915 807 rem
933 757 937 763 ’
982 768 987 775 ·

177 846 280 895 Perdere
290 847 344 909 quis
353 847 420 896 velit.
452 850 476 896 A
486 847 552 910 turpi
563 848 696 897 meretricis
707 862 790 897 amore

178 936 242 985 cum
251 935 394 995 deterreret,
405 936 502 990 seciani
511 936 637 985 dissimilis
648 936 691 985 sis.

178 1026 218 1073 Ne
227 1038 340 1086 sequerer
350 1025 468 1085 mechus,
477 1038 591 1074 comessa
600 1039 656 1073 cum
667 1026 762 1073 Venere
771 1022 808 1073 uti
833 1025 836 1031 '

179 1115 296 1175 Possem
313 1113 431 1176 Deprensi
441 1128 492 1162 ιιοιι
502 1114 568 1161 bellu
578 1120 615 1161 est
625 1112 690 1161 fama
699 1110 818 1171 Treboni,

179 1200 281 1249 Aiebat:
298 1200 404 1263 sapiens,
413 1200 490 1249 viteus
499 1199 605 1262 quidque
614 1198 691 1262 petius

179 1287 217 1336 Sit
227 1287 325 1349 melius,
334 1302 418 1337 causes
428 1287 513 1339 reddet
521 1287 582 1337 tibi:
600 1286 636 1335 mi
648 1286 706 1335 suuis
716 1293 763 1345 est,
775 1285 796 1334 si

179 1376 308 1427 'liuditum
318 1378 349 1425 cb
359 1376 465 1439 antiquis
474 1390 569 1425 morem
580 1389 686 1435 servare,
697 1382 820 1435 triumque,

181 1464 247 1511 Dum
257 1462 363 1512 custodis
373 1477 439 1524 eges,
449 1463 525 1512 vitum
535 1464 673 1524 famamque
684 1461 747 1511 meri

184 1552 335 1601 incolumem
344 1566 456 1615 possum:
473 1552 546 1600 siumi
557 1566 585 1601 ae
595 1551 718 1601 duraverit
727 1558 785 1599 aetas
813 1556 816 1561 ’

186 1641 299 1690 Membra
308 1640 464 1703 animumque
474 1649 555 1699 urum,
566 1639 635 1688 nabis
646 1638 699 1689 sine
708 1638 806 1687 cortice.
841 1636 883 1687 Sic
893 1652 932 1687 me
985 1644 990 1649 '

187 1732 318 1780 Formubut
327 1743 431 1792 puerum
440 1728 524 1777 dictis:
541 1735 568 1775 et
578 1727 627 1776 sive
634 1727 735 1798 jubebat

188 1820 225 1868 Ut
234 1819 338 1867 facerem
347 1816 415 1878 quid,
428 1816 509 1865 Hebes
518 1822 642 1865 uictorem
652 1828 700 1876 quo
711 1813 783 1865 facitu
795 1814 859 1875 h0c3

189 1909 274 1957 Unum
283 1920 315 1955 eu
322 1905 443 1966 judicibus
453 1903 547 1953 selectis
557 1903 698 1964 objiciebat:

190 1996 246 2045 Sive
256 1996 361 2055 vetabat,
372 1996 412 2042 An
423 1994 470 2042 hoe
480 1994 637 2043 inhonestum
647 1999 673 2041 et
682 1991 769 2041 inutile
779 1991 845 2039 facus

191 2085 273 2132 Necue
283 2082 326 2143 sit,
336 2081 472 2141 addubioes,
481 2082 566 2141 flagret
576 2094 676 2128 rumore
686 2080 751 2127 melo
762 2092 818 2126 cum

191 2170 238 2219 iiic
249 2176 320 2231 atque
329 2168 392 2217 ille?
411 2166 503 2216 Avidus
513 2167 619 2214 vicinum
631 2166 703 2214 funus
713 2171 742 2213 ut
751 2178 830 2226 aegros

191 2258 333 2317 Exsnimst,
344 2255 478 2317 mortisque
488 2263 555 2303 meur
566 2254 612 2303 sibi
623 2268 720 2317 parcere
730 2253 809 2314 cogit:

193 2346 234 2396 Sic
243 2354 339 2395 teneros
349 2344 444 2394 animos
454 2343 534 2391 aliena
543 2341 675 2405 opprobria
685 2355 748 2403 saepe

193 2438 337 2486 Absoerrent
346 2434 419 2483 vitiis.
452 2434 491 2481 Ex
502 2433 550 2481 hoc
560 2446 604 2493 ego
615 2446 687 2481 sanus
698 2432 729 2480 ab
740 2429 799 2490 illis,

194 2523 328 2573 Perniciem
340 2535 487 2584 quecunque
497 2521 596 2581 femnt;
612 2517 784 2579 mediocribus,
795 2524 819 2565 et
830 2516 897 2578 queis

195 2614 318 2674 Ignoscas,
329 2611 394 2660 vitiis
405 2618 507 2671 tene⁰r3
524 2609 634 2657 fortassis
645 2616 670 2657 et
680 2606 769 2657 isthinc

195 2701 304 2761 Largiter
314 2699 440 2748 abstulerit
449 2698 522 2759 longa
532 2704 601 2757 aeuu,
612 2696 674 2745 liber
684 2695 786 2755 amicus,

165 2823 171 2827 -
197 2788 334 2838 Consilium
343 2787 484 2850 proprium:
502 2785 667 2847 nequeenim,
678 2799 734 2833 cum
745 2783 847 2831 lectulus
855 2789 899 2831 aut
909 2796 950 2833 me

197 2877 308 2946 Porticus
318 2876 423 2939 excepit,
435 2875 519 2923 desum
531 2872 606 2921 mihi:
625 2872 721 2921 Rectius
732 2872 779 2920 hoc
789 2878 841 2933 ειη

198 2967 252 3014 Hoc
262 2964 362 3025 faciens,
373 2964 452 3013 vivam
462 2962 566 3023 melius;
584 2960 618 3010 sic
628 2960 704 3009 dulcis
716 2958 799 3007 amicis

200 3055 351 3128 occurram
367 3054 416 3102 hcc
425 3050 524 3115 quidum
534 3065 586 3101 nou
596 3050 659 3099 belle
668 3068 677 3111 ς
693 3062 753 3097 num
763 3046 822 3109 quid
832 3061 877 3107 ego
888 3045 926 3095 illi
