2192 3742
334 501 526 551 SERMONUM
544 502 607 551 ΗΒ.
620 504 639 551 1.
656 502 690 551 ix.
858 504 904 553 215

104 628 252 678 Abdiderint
262 627 347 677 furtim
357 628 445 690 terrls3
461 636 486 677 et
496 628 601 689 imagine
611 642 681 677 cerea

104 716 207 777 Largior
218 716 305 765 arserit
315 716 377 777 ignis
386 736 396 777 3
412 724 438 764 et
447 723 475 764 ut
485 730 535 765 non
546 716 615 765 testis
625 716 717 765 inultus

105 802 254 851 Horruerim
263 816 333 852 νοω
343 802 471 851 lirrierum
480 811 506 851 et
516 803 580 851 fecte
589 802 700 851 duarum.
768 868 772 877 1

105 892 183 950 Nem,
194 890 302 953 displosa
311 899 383 941 sonat
393 899 508 955 quantum
519 892 607 951 vesica,
618 890 704 954 pepedi

105 979 203 1028 Difflsse
211 988 268 1028 nete
278 980 346 1029 times.
377 981 412 1028 At
423 979 473 1029 illae
482 993 580 1027 currere
590 978 616 1027 in
626 980 725 1027 urbem=

106 1067 216 1117 carium
226 1068 321 1127 dentes,
332 1069 410 1117 ultum
421 1069 520 1129 Saganae
530 1067 679 1117 caliendrum

105 1155 236 1216 Excidere
247 1164 320 1218 atque
328 1157 426 1217 berbus,
437 1165 508 1218 utque
519 1157 641 1206 lucentem
651 1154 746 1205 lacertis

105 1245 220 1306 Vincula,
230 1260 286 1296 erm
298 1260 386 1309 magro
396 1247 494 1309 rimque
502 1250 605 1310 jocoque
616 1246 718 1295 videet.

414 1530 534 1579 series
555 1530 598 1578 IX.

201 1704 229 1739 rs
248 1704 414 1740 lurcorum
430 1704 464 1739 er
480 1704 588 1739 suerrus
605 1704 812 1744 renueremus.

106 1858 175 1904 lesse
186 1855 251 1904 forte
260 1854 306 1903 Vie
317 1855 400 1915 sacre,
410 1854 472 1904 sieut
483 1868 551 1903 meus
562 1861 599 1903 est
610 1867 673 1914 mos,

106 1943 196 1993 Nescio
206 1942 265 2005 quid
276 1942 396 1991 meditem
406 1956 536 2003 nugarum,
546 1950 572 1991 et
582 1950 648 1991 totus
659 1942 684 1991 in
695 1942 758 1991 illis:

104 2032 219 2081 Accurrit
228 2032 327 2093 quidum
338 2040 411 2081 notre
421 2031 482 2079 mihi
491 2031 592 2081 nomine
602 2039 696 2081 tentum
699 2066 707 2091 ,

104 2124 258 2185 Arrepteque
268 2135 354 2181 mmu,
366 2124 385 2181 l
390 2120 456 2175 Quid
465 2120 527 2180 egis,
537 2120 687 2181 dulcissime,
698 2121 798 2169 rerum?

104 2213 125 2270 ἵ
131 2210 256 2269 Suaviter,
265 2216 295 2257 ut
305 2223 370 2258 nuuc
379 2217 427 2267 ert,
439 2209 555 2270 inquem3
572 2217 597 2258 et
607 2210 678 2272 cupio
688 2208 771 2258 omnia
781 2222 834 2269 quse
845 2206 888 2257 vis.

105 2300 170 2347 Cum
182 2305 352 2357 msectareeu,
364 2297 490 2358 Numquid
499 2298 555 2345 vis?
574 2312 673 2359 occupo.
706 2299 741 2345 At
751 2296 804 2355 ille,

105 2384 181 2433 Norls
192 2398 250 2444 nos,
259 2384 354 2446 iuquit3
370 2384 436 2433 docti
446 2398 538 2433 sumus.
572 2384 618 2433 llic
628 2398 682 2445 ego,
697 2384 777 2433 Pluris

105 2474 171 2531 Hoc,
182 2472 293 2533 iuquam,
304 2472 366 2521 mibi
376 2472 440 2521 eris:
457 2474 544 2523 misere
556 2472 677 2521 discedere
687 2486 808 2534 querens,

105 2562 145 2608 lre
156 2559 232 2608 mede
242 2559 321 2620 ocius,
331 2560 454 2609 interdum
465 2561 607 2620 consistere,
619 2560 644 2609 in
657 2572 740 2611 eurem

105 2649 193 2697 Dicere
203 2648 286 2696 nescio
296 2648 354 2709 quid
363 2662 439 2709 puem
449 2668 458 2709 ;
473 2661 530 2696 eum
540 2648 615 2697 sudor
626 2649 657 2700 ed
668 2649 730 2697 imos

105 2738 221 2785 Mmeret
229 2737 303 2795 telos,
316 2736 340 2785 0
350 2744 385 2795 te,
396 2738 500 2796 Boleris,
512 2737 607 2787 cerebri

104 2824 228 2875 Felicem!
246 2824 341 2873 siceum
351 2824 449 2884 mium,
459 2840 515 2874 eum
526 2824 645 2886 quidlibet
655 2824 697 2873 ille

104 2911 227 2970 cambe,
237 2912 314 2972 vicos,
325 2913 412 2961 urbem
422 2912 539 2961 laudaret.
573 2914 609 2962 Ut
619 2912 656 2961 illi

106 2999 150 3047 Nil
162 2998 348 3061 respondebam,
359 2999 450 3048 Misere
459 2998 538 3060 cupis,
550 2999 637 3061 iuquit,
649 2999 726 3059 abire,

105 3086 260 3136 iamdudum
271 3086 356 3136 videus
373 3086 417 3136 sed
426 3087 463 3135 nil
473 3087 540 3150 egis3
557 3102 632 3149 usque
641 3090 739 3148 tenebo,
