2192 3742
319 464 511 515 SBRMONUM
529 466 592 513 ΗΒ.
609 466 642 513 11.
658 464 693 514 iti.
857 470 905 519 237

100 589 171 645 Quid
181 590 266 650 refert,
277 591 374 651 morbo,
385 604 417 639 an
427 590 500 640 furtis
509 604 637 654 pereamus
648 592 757 657 rapinis?

99 679 223 733 Quisnam
233 676 307 740 igitur
317 681 410 727 musi
429 678 479 733 Qui
491 693 542 728 non
554 681 652 730 snulnn.
685 682 750 737 Quid
763 696 848 733 avarus
858 688 868 733 ἓ

99 767 198 816 Stultus
210 774 236 815 et
246 766 355 815 insnum.
387 766 473 820 Quid?
497 768 518 816 si
529 768 584 829 quis
595 784 646 818 non
657 769 690 819 sit
700 784 786 821 avarus
797 792 805 834 ς

99 855 228 905 Continuo
240 858 332 904 sanus?
352 855 464 905 Minime.
498 857 559 919 Curr,
571 858 668 907 Stoice?
688 859 780 909 Dicam.
847 918 850 933 ,

98 945 160 992 Non
171 952 209 992 est
220 943 354 1004 cardiacus,
366 945 495 994 Craterum
506 945 597 997 dixisse
607 955 702 1010 putatu,

98 1032 149 1082 Hie
160 1047 231 1094 ager.
265 1035 383 1082 Recteest
393 1033 476 1095 igitur,
488 1038 635 1097 surgetque?
654 1036 765 1100 negabit3

97 1121 175 1175 Quod
185 1122 250 1171 latus
261 1129 303 1170 aut
315 1136 385 1171 renas
396 1122 484 1170 morbo
493 1130 619 1173 tententur
631 1132 710 1174 acuto.

96 1214 158 1261 Non
168 1219 207 1261 est
217 1214 340 1275 perjurus,
351 1226 429 1275 neque
440 1214 571 1276 sordidus3
588 1215 700 1265 immolet
710 1216 785 1280 aequis

96 1300 148 1350 Hie
158 1314 260 1363 porcum
272 1301 374 1349 Laribus
384 1322 393 1362 ς
410 1314 495 1350 verum
506 1302 648 1354 ambitiosus
659 1313 685 1355 et
694 1305 781 1355 undu.

96 1388 203 1450 Naviget
213 1388 363 1451 Anticyram.
397 1388 462 1442 Quid
473 1390 540 1437 enim
550 1390 641 1453 differt,
653 1394 799 1445 barathrone

94 1479 181 1526 Dones
192 1476 307 1538 quiequid
317 1477 402 1536 labes,
413 1490 445 1525 an
457 1492 582 1539 nunquam
594 1488 663 1529 utare
672 1481 780 1545 paratls?

96 1564 198 1615 Servius
210 1564 330 1627 Oppidius
342 1563 434 1613 Canusi
445 1565 494 1613 duo
505 1566 606 1629 praedia,
617 1567 683 1618 (lives

96 1652 210 1714 Antiquo
221 1667 307 1713 sensu,
318 1652 397 1714 gnatis
409 1652 498 1702 divisse
509 1654 604 1704 duobus

95 1741 197 1799 Fertur,
209 1748 234 1789 et
244 1741 297 1789 brae
308 1739 416 1789 moriens
427 1741 509 1802 pueris
519 1740 611 1793 dixisse
622 1742 712 1793 voeatis

95 1828 138 1878 Ad
148 1829 253 1878 laetumz
271 1831 403 1891 Postquam
413 1837 439 1878 te
449 1831 522 1889 talos,
533 1831 608 1890 Aule,
620 1845 740 1894 nucesque

95 1919 174 1967 Ferre
184 1916 241 1966 sinu
252 1917 320 1976 laxo,
332 1916 425 1965 donam
435 1925 460 1965 et
470 1918 555 1967 ludere
565 1918 630 1981 vidi;

94 2008 145 2066 Te,
156 2005 251 2065 Tiberi,
262 2018 402 2063 numerare,
410 2005 474 2053 savis
485 2006 634 2055 abscondere
644 2008 750 2058 tristem:

96 2091 211 2142 Extimui
223 2106 255 2139 ne
263 2104 308 2140 vos
320 2098 402 2151 ageret
411 2091 511 2139 vesania
520 2092 628 2156 discors3

94 2184 138 2231 'lu
149 2183 383 2239 Nomentanum
394 2193 426 2227 ne
437 2192 564 2241 sequerere
577 2182 695 2233 Cicutam.

97 2274 183 2325 Quare
193 2283 237 2332 per
246 2269 315 2319 divos
323 2276 407 2317 oratus
417 2276 519 2331 uterque
530 2254 653 2331 Paratus,

96 2360 139 2407 Tu
150 2371 207 2406 eave
217 2370 249 2405 ne
260 2356 372 2417 minuas,
389 2363 427 2415 tu,
439 2358 556 2416 nernajus
567 2357 640 2407 facias
651 2358 677 2407 id

97 2444 174 2499 Quod
184 2444 243 2493 satis
254 2458 307 2492 esse
317 2450 387 2505 putat
396 2450 475 2505 pater,
487 2452 513 2493 et
523 2452 611 2494 natura
620 2445 724 2495 oole‘rcet.
758 2484 761 2491 .

99 2535 225 2582 Praeterea
237 2546 268 2581 ne
277 2546 321 2580 vos
332 2531 416 2580 titillet
426 2533 514 2594 gloria,
522 2536 592 2594 J'nre-

98 2624 115 2671 J
119 2621 212 2670 urendo
223 2620 373 2681 obstringam
384 2622 471 2669 ambo:
488 2630 543 2670 nter
555 2622 633 2672 edilis
645 2622 746 2673 fueritve

98 2710 216 2759 Vestrum
226 2715 327 2771 prator,
338 2707 360 2756 is
372 2707 516 2758 intestabilis
528 2719 554 2759 et
565 2724 632 2760 sacer
642 2720 703 2762 estu.

102 2798 133 2846 ln
144 2796 222 2845 eluere
233 2803 304 2857 atque
314 2796 371 2844 faba
381 2796 446 2844 bona
456 2804 484 2845 tn
492 2798 626 2860 perdasque
636 2799 737 2861 lupinis,

100 2887 177 2934 Latus
190 2892 217 2933 ut
227 2884 253 2932 in
261 2884 338 2933 'Cimo
346 2884 458 2947 spatiere,
467 2894 509 2935 ant
519 2900 601 2936 teneus
613 2894 641 2936 ut
650 2895 710 2948 stes,

97 2974 188 3023 Nudus
198 2974 272 3036 agris,
284 2973 363 3023 nudus
375 2974 493 3035 nummis,
503 2976 598 3037 insane,
610 2976 715 3045 paternis

99 3064 200 3115 Scilicet
209 3072 238 3114 ut
248 3067 358 3127 plausus,
369 3080 430 3127 quos
443 3066 490 3113 tert
501 3064 617 3126 Agrippa,
629 3066 691 3116 feras
704 3073 741 3124 tu,
