2192 3742
170 508 218 556 m
409 507 442 559 Q.
458 505 600 554 HORA'l'ss
616 505 735 555 Fuscos

170 645 222 692 Ant
232 642 258 691 in
268 655 337 692 avem
348 643 443 704 Progne
452 651 572 704 vertant,
584 643 691 693 Cadmus
702 644 729 691 in
739 657 852 706 anguem.

173 731 340 794 &odiumque
350 731 457 780 ostendis
469 731 531 780 mihi
542 731 588 791 sie,
600 731 742 780 incredulus
749 732 800 780 odi.

173 822 240 869 Neve
250 818 343 880 minor,
354 833 402 868 nen
412 820 445 868 sit
455 820 542 882 quinto
551 820 693 882 productior
702 828 759 869 actu

173 909 759 971 Fabula,quaeposcivult,etspectanreponi=

173 999 224 1046 Nee
234 997 294 1046 deus
305 996 411 1057 intersit,
421 997 470 1045 nisi
481 997 569 1058 dignm
580 997 674 1046 vindiee
683 997 763 1046 nodus

172 1086 300 1136 inciderit:
318 1101 363 1136 nee
372 1095 458 1149 quarta
468 1087 535 1148 loqui
547 1100 652 1150 persons
661 1087 763 1135 labent.

171 1175 268 1225 Actoris
278 1183 358 1238 putes
368 1175 458 1224 chorus
469 1175 623 1236 udidumqne
632 1174 704 1222 virile

172 1265 290 1314 Defendet
300 1285 308 1327 ;
325 1279 373 1314 neu
383 1263 442 1326 quid
453 1263 546 1313 medios
557 1264 690 1312 intercinat
700 1271 778 1323 actus,

174 1353 246 1407 Quod
255 1368 306 1401 non
317 1351 442 1416 proposito
453 1352 574 1401 eondnest
582 1361 609 1401 et
618 1353 710 1401 haerent
719 1360 788 1414 apte:

174 1445 219 1493 ille
231 1443 302 1493 bonis
314 1444 448 1505 sevaque,
460 1451 485 1492 et
497 1443 640 1492 consilietur
650 1442 751 1504 esnisis3

173 1530 732 1594 Etregatirstossttametmwetimentoez

173 1620 218 1668 ille
228 1619 301 1682 depes
311 1615 394 1668 laudet
405 1633 495 1668 mense
506 1618 600 1667 brevis:
617 1618 661 1666 ille
671 1620 792 1667 salubrem

172 1707 308 1768 iustitiam,
319 1707 442 1770 legesque,
453 1714 478 1756 et
489 1707 580 1770 spernis
589 1705 641 1754 otia
651 1706 742 1768 portis:

175 1798 221 1846 ille
232 1803 298 1858 tegat
307 1796 447 1856 commissa,
459 1795 565 1857 deosque
575 1802 687 1857 preeetnr
697 1803 723 1844 et
733 1803 797 1854 oret,

178 1889 213 1937 Ut
224 1886 307 1935 redeat
317 1885 424 1945 misenie,
436 1885 506 1934 abeat
516 1885 616 1932 fortuna
626 1884 745 1946 superbis.

174 1973 245 2023 Tibia
256 1989 317 2035 non,
330 1982 357 2023 ut
367 1988 432 2022 nnnc
443 1973 567 2021 orichalco
577 1973 667 2034 vincta,
678 1974 793 2034 tnbaeque

172 2061 336 2122 AEmula‚sed
347 2060 427 2110 tennis
438 2060 590 2122 simplexque
601 2060 722 2109 foramine
732 2074 811 2123 pauco

173 2149 289 2212 aspirare
299 2157 324 2197 et
333 2149 416 2197 adesse
427 2147 509 2197 choris
520 2156 573 2197 erat
582 2147 662 2208 utilis,
674 2155 746 2210 atque

172 2237 289 2288 Nondum
300 2237 378 2300 spissa
388 2236 461 2286 nimis
472 2238 595 2300 eomplere
607 2237 693 2286 sedilia
703 2237 779 2299 dstn3

173 2329 227 2382 Quo
239 2339 298 2376 sane
307 2327 412 2389 populus
423 2325 591 2386 numerabilis,
602 2333 687 2388 utpote
697 2339 796 2388 parvus,

172 2416 205 2465 Et
213 2414 287 2476 frugi,
299 2422 426 2476 castusque
436 2413 633 2476 verecundusque
643 2414 733 2464 coibat.

172 2505 302 2564 Postquam
314 2503 387 2564 eoepit
396 2516 467 2563 agros
479 2502 611 2551 extendere
620 2502 709 2562 victor,
719 2510 745 2550 et
755 2502 842 2550 urbem

161 2585 256 2640 'Latios
266 2589 378 2654 amplecti
390 2605 473 2639 munus
477 2625 484 2650 ,
496 2589 602 2652 vinoque
611 2590 700 2640 diurno

173 2677 267 2728 Plaeari
278 2677 361 2740 genius
373 2677 442 2728 iestis
453 2677 554 2740 impune
560 2679 655 2740 diebus,

142 2761 143 2764 ¹
174 2768 279 2820 Acoessit
289 2767 445 2830 numerisque
455 2767 584 2829 modisque
593 2763 693 2816 lieentia
702 2769 789 2827 maior.

173 2857 287 2906 indoctus
298 2855 357 2919 quid
367 2856 433 2905 enim
444 2863 550 2918 saperet,
561 2855 806 2917 unquentorum,
879 2879 883 2888 ·

173 2946 285 2997 Rusticus
296 2947 390 2995 urbano
401 2945 526 3006 confusus,
539 2944 617 3008 turpis
626 2945 751 2994 honeste?

172 3036 211 3086 Sic
224 3034 308 3098 priseae
320 3039 462 3095 notumque
473 3041 497 3081 et
507 3032 631 3082 luxnniem
641 3031 734 3081 addidit
744 3031 791 3079 arti

171 3122 282 3185 Tibicen,
293 3122 414 3185 traxitque
425 3135 497 3184 vagtis
509 3137 553 3185 per
563 3121 657 3185 pulpita
666 3129 771 3170 vestem:
