2192 3742
196 519 245 567 322
436 517 467 569 Q.
485 514 625 564 HORATll
642 513 758 562 rbaccr

199 647 328 706 Serpentes
339 643 422 692 aribus
434 642 598 704 geminentur,
609 641 711 703 tigribus
722 641 785 702 ugni.
802 698 805 704 ⁵

200 730 303 794 lneeptis
314 731 426 792 gravibus
436 732 580 793 plerumque
591 737 616 778 et
627 743 714 791 magua
723 729 840 791 professis

200 822 348 882 Purpureus,
359 821 408 868 late
419 819 461 881 qui
471 818 606 882 splendeat,
618 832 682 866 unus
693 826 719 866 et
729 819 790 866 alter

198 909 313 958 assuitur
323 923 434 972 paunus;
451 921 507 956 cum
517 909 587 955 lucus
599 916 624 956 et
635 921 676 955 ara
687 907 783 967 Dianae,

199 999 231 1046 Et
241 997 392 1061 properantis
404 1012 471 1058 aquae
483 1011 526 1060 per
537 1010 647 1045 amoeuos
658 996 763 1044 ambitus
773 1010 855 1058 agros,

198 1089 249 1135 Aut
259 1087 349 1134 flumen
358 1086 481 1145 Rhenum,
493 1093 535 1134 aut
546 1085 641 1147 plurius
653 1084 797 1133 describitur
808 1099 894 1135 arctus:

200 1175 248 1225 Sed
258 1189 323 1222 nuuc
335 1188 385 1222 uon
398 1181 450 1222 erat
461 1172 500 1221 bis
510 1174 593 1222 loeus:
611 1181 636 1221 et
647 1174 751 1222 fortusse
761 1188 905 1237 cupressum

199 1264 251 1314 Scis
262 1263 391 1324 simulare,
409 1260 466 1324 quid
477 1263 534 1322 boe,
546 1261 568 1310 si
578 1262 660 1310 fractis
672 1271 754 1312 enatat
763 1278 850 1327 exspes

200 1351 318 1412 Naribus,
330 1365 378 1400 aere
389 1351 445 1400 dato
457 1351 498 1412 qui
509 1351 616 1414 pingitur
627 1353 637 1398 ἓ
656 1352 774 1414 amphora
783 1353 858 1416 eoepit

198 1440 311 1501 lustitui3
328 1448 440 1488 currente
452 1448 507 1488 rota
518 1455 562 1488 cur
573 1453 660 1488 urceus
671 1439 741 1487 exit?

198 1527 308 1589 Denique
319 1527 351 1576 sit
362 1527 427 1589 quod
438 1527 483 1588 ris,
496 1529 599 1592 simplex
610 1527 729 1576 duntaxat
740 1535 765 1576 et
775 1533 860 1577 unum'.

200 1615 309 1664 Maxima
320 1630 375 1679 pars
386 1624 478 1676 vatum,
490 1625 558 1679 pater
568 1624 593 1664 et
597 1617 698 1676 Juvenes
709 1624 777 1679 patre
787 1616 864 1678 digni,

199 1704 339 1768 Decipimur
351 1704 428 1768 specie
439 1704 512 1752 recti:
530 1703 609 1752 brevis
620 1718 673 1752 esse
684 1706 779 1765 laboro,

201 1794 324 1842 Obsurrus
336 1794 381 1842 tio:
399 1799 531 1842 sectantem
542 1791 604 1840 levia
614 1793 683 1840 nervi

199 1882 321 1930 Deficiunt
332 1881 468 1943 animique:
485 1881 609 1950 professum
619 1881 719 1942 grandit
729 1889 822 1943 turget:

199 1970 280 2034 Serpit
290 1971 359 2019 humi
372 1979 438 2020 tutus
449 1970 554 2018 nimium
564 1970 712 2033 timidusque
723 1972 843 2033 propelle.

200 2057 248 2112 Qui
259 2057 351 2107 variare
362 2058 427 2121 erupit
438 2072 490 2106 rem
501 2057 667 2120 prodigialiter
678 2073 762 2120 umam,

199 2145 346 2210 Delphinum
358 2147 425 2195 silvis
436 2145 552 2209 appingit,
565 2145 679 2194 fluctibus
690 2159 783 2209 aprum.
914 2175 918 2182 ι

199 2237 228 2284 lu
237 2235 322 2284 vitium
334 2235 400 2284 ducit
410 2236 486 2298 culpa
494 2236 561 2296 fuga,
573 2235 595 2282 si
605 2243 672 2284 erret
683 2244 743 2284 arte.

97 2382 98 2390 ἵ
199 2324 327 2374 AEmilium
338 2326 402 2374 cirea
412 2325 497 2374 ludum
508 2326 576 2374 faber
587 2324 651 2373 imus
662 2332 688 2374 et
697 2337 789 2386 ungues

198 2413 335 2478 Exprimet,
347 2421 372 2462 et
384 2415 470 2462 molles
482 2412 616 2462 imitabitur
628 2425 677 2462 tere
686 2413 798 2475 eupillos,

198 2503 288 2551 lnfellx
299 2502 378 2566 operis
390 2517 495 2563 summa,
507 2503 565 2565 quia
575 2510 667 2566 ponere
677 2510 756 2551 totum
816 2558 824 2572 x

199 2592 304 2640 Nesciet.
338 2593 410 2640 Hunc
420 2605 464 2652 ego
475 2605 524 2652 me,
536 2591 558 2640 si
568 2591 627 2654 quid
636 2603 783 2653 componere
793 2603 889 2649 curem,

200 2681 257 2728 Non
269 2679 344 2741 magis
355 2691 407 2728 esse
417 2680 501 2740 velim,
512 2693 585 2742 quam
595 2694 669 2743 pravo
680 2679 760 2728 vivere
769 2691 840 2738 naso,

198 2769 359 2831 Spectandum
371 2767 445 2830 nigris
456 2769 532 2818 oculis
545 2770 663 2830 nigroque
675 2769 771 2831 capillo.

197 2856 290 2906 Sumite
301 2857 426 2906 materiam
436 2859 533 2919 vestris,
545 2859 586 2921 qui
598 2857 713 2920 scribitis,
726 2869 819 2919 requam

196 2944 306 3006 Viribus,
317 2953 342 2994 et
352 2953 445 2995 versate
455 2947 497 2997 diu
508 2947 566 3010 quid
577 2949 641 2996 ferre
652 2953 773 3006 recusent,

197 3033 262 3088 Quid
272 3035 367 3083 valeant
378 3036 482 3084 humeri.
516 3036 563 3085 Cui
574 3037 636 3085 lecta
645 3042 759 3098 potenter
769 3032 817 3082 erit
826 3045 877 3092 res,

197 3123 248 3182 Nec
261 3122 375 3172 facundia
386 3121 479 3173 deseret
490 3125 565 3186 bunc,
576 3138 621 3174 uec
631 3123 727 3174 lucidus
738 3121 808 3172 ordo.
