2192 3742
341 504 536 554 SERMONUM
555 506 616 557 [ΑΒ.
635 508 666 554 ll.
684 506 700 583 i5
858 465 905 555 2⁵25

99 635 254 696 Quemquam
262 631 421 693 animantem,
432 640 458 681 et
468 646 508 681 me
518 632 593 682 velnti
603 630 723 688 custodiet
733 626 797 681 ensis

41 725 45 736 '
97 720 194 784 Vagini
204 729 298 783 tectim
315 736 388 783 quem
399 736 443 770 cnr
456 721 605 782 destringere
616 734 700 781 coner,

98 812 179 859 'Potiu
190 811 222 858 ab
232 809 327 858 infestis
338 809 473 858 latronibus
484 812 494 857 ἓ
515 809 537 858 0
549 818 618 872 pater
629 816 654 857 et
665 822 709 858 rex

99 899 224 963 anpioer,
236 906 264 947 nt
275 906 358 961 pereat
367 898 476 961 positum
486 897 596 959 rubigine
607 898 694 958 telum,

100 990 152 1037 Nec
163 988 290 1049 quisquam
302 994 389 1036 noceat
398 986 486 1050 cupido
497 986 558 1035 mihi
570 986 635 1049 pacis
646 989 651 1035 !
669 992 694 1035 et
705 985 759 1047 ille,

99 1076 149 1130 Qui
159 1088 200 1124 rue
209 1076 340 1125 commorit
356 1075 457 1142 (Melius
469 1089 520 1125 non
531 1073 646 1137 tangere!
664 1073 753 1137 clamo)

98 1164 190 1225 neate,
201 1172 227 1213 n
237 1164 339 1228 mum
349 1172 403 1215 tota
413 1147 549 1215 canantur
559 1167 628 1215 urae.

100 1254 201 1303 Cervius
211 1253 287 1303 natu
298 1256 362 1317 leges
369 1254 496 1304 minitatur
506 1262 531 1304 et
541 1268 642 1303 urnam:

100 1342 214 1403 Canidia,
226 1343 326 1404 Albuci,
337 1344 423 1406 quibus
434 1350 472 1393 est
482 1342 592 1402 inimica,
603 1356 739 1392 venenum:

99 1422 199 1479 Grande
210 1431 303 1479 malum
313 1430 414 1492 Turius,
422 1431 443 1479 si
455 1430 514 1493 quid
524 1444 551 1479 se
559 1430 641 1491 judica
647 1430 738 1481 certes:

99 1521 122 1568 ll
125 1528 146 1580 t,
157 1534 207 1581 quo
217 1520 319 1581 quisque
327 1520 402 1579 valet,
413 1527 537 1582 suspectos
547 1527 647 1581 terreat,
659 1528 733 1582 utque

98 1610 206 1671 lurperet
216 1609 263 1657 hoc
273 1614 360 1656 natura
368 1614 472 1670 potens:
489 1606 525 1655 sic
535 1607 622 1669 collige
633 1620 727 1657 mecum
737 1626 743 1655 ι

95 1698 177 1746 Dente
186 1696 269 1759 lupus,
280 1710 359 1744 cornu
369 1704 453 1745 nurus
463 1694 541 1758 petit3
559 1696 633 1756 unde,
644 1695 692 1745 nisi
705 1696 770 1746 lutus

96 1784 284 1834 Monstratnm?
319 1785 407 1833 Scoevae
417 1783 522 1833 vivacem
533 1784 605 1833 crede
616 1784 698 1847 nepoti
735 1770 739 1777 ’

95 1874 218 1923 Matrem:
236 1874 272 1921 ull
283 1872 355 1921 faciet
365 1872 463 1921 sceleris
473 1872 515 1935 pia
524 1872 624 1922 matera
639 1872 739 1937 (mirum
750 1874 760 1921 ἓ

95 1963 132 2011 Ut
141 1975 221 2022 neque
230 1962 296 2009 calce
304 1962 377 2023 lupus
389 1970 545 2023 quemquam,
555 1975 633 2023 neque
644 1961 715 2011 dente
725 1960 785 2025 petit
794 1959 848 2023 bos)

93 2051 143 2101 Sed
153 2053 220 2100 mala
229 2053 301 2101 tollet
311 2066 386 2126 anum
397 2052 482 2100 vitiato
493 2053 567 2101 melle
578 2052 665 2101 cicuta.

93 2143 134 2190 Ne
143 2142 246 2202 longum
256 2140 359 2202 faciam3
376 2154 420 2188 seu
429 2154 470 2188 mc
480 2140 612 2202 tranquilla
625 2148 734 2190 senectus

86 2207 235 2294 ‘Exspectat
246 2244 289 2278 seu
299 2243 366 2277 mors
377 2228 437 2277 atris
447 2228 603 2277 circumvolat
613 2228 657 2276 alls
667 2248 675 2289 ;

92 2318 179 2379 Dives,
190 2318 272 2379 inops,
284 2319 379 2375 Romae,
391 2330 445 2376 sen,
457 2316 507 2364 fors
517 2316 553 2363 ita
560 2316 670 2375 luserit,
681 2317 761 2375 exsul,

91 2406 208 2469 Quisquis
218 2404 265 2455 erit
275 2404 341 2464 rita,
353 2403 467 2463 scribmu,
478 2406 554 2451 color.
587 2404 608 2459 ll
619 2403 641 2452 Ο
652 2417 722 2465 puer,
733 2410 760 2451 ut
771 2402 804 2451 sis

92 2494 192 2554 vualis,
204 2500 286 2541 metuo
296 2512 305 2554 3
322 2486 348 2539 et
359 2493 478 2553 majorum
489 2490 583 2551 nequis
594 2490 684 2539 amicus

91 2582 193 2643 Frigore
203 2588 228 2629 te
238 2580 318 2629 feriat.
350 2582 370 2637 ἱ
382 2578 466 2634 Quid?
485 2594 540 2628 cnm
551 2587 588 2629 est
598 2580 704 2629 Lucilius
711 2594 784 2629 ausus

91 2669 192 2719 Primus
203 2668 229 2717 in
241 2669 306 2717 hunc
318 2666 397 2731 operis
406 2682 551 2730 componere
561 2666 669 2717 carndna
680 2682 783 2729 morem,

91 2757 226 2807 Dcuahere
237 2764 262 2805 et
271 2757 371 2819 pellem,
383 2755 473 2805 nitidus
484 2769 531 2818 qua
541 2756 640 2818 quisque
651 2770 695 2819 per
706 2768 750 2803 ora

90 2844 206 2906 cadero,
217 2844 351 2893 introrsum
362 2843 457 2907 turpis;
474 2858 533 2893 num
543 2844 641 2906 Laelius,
653 2844 728 2907 etqui

88 2932 169 2984 Duxit
179 2933 212 2980 al)
221 2946 337 2995 oppressa
346 2931 461 2980 meritum
473 2932 617 2994 Carthagine
628 2947 726 2995 nomen,

88 3020 193 3084 Ingenio
204 3020 311 3069 odensi?
330 3027 373 3069 aut
383 3021 442 3068 laeso
452 3018 551 3069 doluere
562 3022 673 3083 Metello,

86 3110 246 3173 Famosisque
257 3111 326 3174 Lupo
335 3114 451 3172 moperto
460 3108 588 3159 versibus?
621 3110 694 3172 Atqui

496 3212 513 3254 9
