2192 3742
192 514 238 562 166

433 510 464 562 Q
482 505 623 555 HORATll
640 501 757 551 beleel

287 637 413 692 Quietiore
423 650 467 685 nee
478 634 570 683 feratur
580 645 688 694 aequore,

321 730 401 782 Quem
412 725 486 774 Graia
495 724 614 773 victorum
626 734 730 780 manus3

290 818 353 865 Cum
364 816 445 865 Pallas
454 821 511 863 usto
523 810 597 861 vertit
606 810 669 859 irem
680 810 710 857 ab
722 806 769 855 llio

321 907 350 953 ln
360 903 461 967 impiam
470 900 552 962 Ajacir
564 907 650 949 ratem.
732 916 736 929 ·

289 994 312 1042 Ο
323 999 427 1054 quantus
438 990 513 1039 instat
524 987 612 1037 navitis
623 986 697 1035 sudor
709 983 768 1044 niis,

320 1082 424 1144 Tibique
434 1081 514 1144 pallor
524 1080 605 1127 luteus
608 1110 617 1137 ,

288 1176 322 1224 Et
331 1175 376 1223 illa
385 1185 436 1221 non
446 1168 524 1220 virilis
533 1165 644 1228 ejulatio,

321 1266 408 1311 Preoer
418 1267 443 1308 et
453 1271 564 1307 eversum
576 1255 607 1304 ad
617 1256 633 1305 J
635 1266 704 1302 ovem
713 1272 721 1313 3

289 1350 372 1401 loniur
383 1348 432 1399 ndo
442 1362 499 1397 cum
509 1344 647 1407 remugiens
659 1342 727 1391 sinus

322 1441 389 1487 Noto
399 1436 507 1485 oerinam
518 1432 611 1496 ruperit
621 1434 627 1479 i

187 1511 190 1518 Ι
290 1528 380 1591 Opima
389 1524 455 1587 quod
464 1523 485 1572 ei
496 1521 579 1585 praede
588 1534 662 1570 truvo
672 1520 755 1569 littore

323 1618 438 1665 Porrecto
448 1625 544 1673 mergos
553 1608 644 1691 juveris
654 1628 663 1670 ς

291 1701 445 1753 Libidinosue
455 1697 622 1748 immolabitur
632 1709 712 1759 ceper,
770 1726 779 1743 .

323 1794 356 1840 Et
365 1804 427 1852 agna
439 1786 642 1852 Tempestatibus.

528 1994 596 2043 ODE
614 1994 658 2040 xl.

506 2157 541 2190 ΑΙ)
558 2153 682 2190 euenum.

293 2291 382 2347 Pueri,
394 2288 456 2335 nihil
468 2302 518 2347 me,
529 2288 592 2336 sicut
602 2294 683 2345 antee,
692 2288 762 2346 Juvat

324 2376 434 2426 Scribere
444 2375 575 2424 versiculos
586 2388 670 2423 amore
680 2374 819 2437 perurimur
829 2370 909 2433 grevi3

291 2470 393 2527 Amore,
404 2465 446 2527 qui
456 2480 495 2513 me
505 2471 594 2527 praeter
604 2477 690 2512 omnes
702 2462 794 2526 expetit
879 2446 880 2449 Ἴ

324 2552 442 2602 Mollibus
453 2552 479 2600 in
490 2552 571 2615 pueris
582 2558 623 2601 aut
633 2551 659 2599 in
670 2550 758 2614 puellis
769 2564 848 2598 urere.

294 2644 340 2693 Hic
349 2642 436 2693 tertius
446 2644 590 2702 Deoember‚
602 2656 633 2690 ex
644 2655 692 2702 quo
703 2638 785 2689 destiti

278 2766 289 2779 .
327 2732 425 2781 Inachia
435 2732 525 2791 furere,
537 2730 604 2779 silvie
614 2730 735 2778 honorem
745 2728 843 2777 decutit.

296 2824 367 2871 Heu!
386 2834 436 2881 me,
446 2834 490 2883 per
501 2820 595 2869 Urbem
610 2818 678 2882 (nam
689 2816 763 2882 pudet
772 2816 835 2865 tanti
846 2814 914 2876 muli)

325 2910 416 2958 Fabula
426 2914 517 2971 quanta
527 2907 563 2955 lui
574 2911 580 2955 ἱ
598 2906 764 2955 conviviorum
775 2911 800 2953 et
809 2904 921 2967 poenitet,

295 3000 324 3047 ln
334 2998 401 3059 queis
412 3004 535 3045 amantem
545 3002 570 3044 et
581 2997 683 3057 languor
694 3002 719 3042 et
730 2992 856 3042 silentium

325 3086 423 3147 Arguit,
433 3094 458 3135 et
468 3087 544 3135 lutere
554 3084 643 3149 petitus
658 3084 708 3132 imo
720 3082 827 3146 spiritis.
