2192 3742
300 468 493 519 seauouuu
511 454 576 517 nm‘
586 468 619 539 ¹1:
635 466 671 515 nr.
837 466 884 517 sao

81 597 110 646 Si
121 595 177 658 quis
188 594 274 645 lectica
284 594 387 644 nitidam
397 603 491 657 gestare
501 603 674 657 amet-agnam,
701 604 704 609 '

81 685 148 733 Huic
158 692 260 744 vestem,
272 691 300 732 ut
310 692 400 745 gnate,
411 691 480 746 pru-et
490 684 602 744 ancillas,
614 690 683 746 paret
693 696 796 746 surum3

81 774 173 822 Rufum
185 780 210 821 et
221 773 337 820 Rufillam
348 773 463 834 appellet,
475 771 582 833 fortique
593 772 681 821 marito

83 859 328 921 Destinet-uxorem
345 859 474 908 interdicto
485 859 542 908 huic
554 874 627 909 omne
639 860 729 910 adimat
736 862 778 921 jus

84 951 192 1008 Praetor,
204 954 228 995 et
240 948 270 995 ad
282 961 354 995 sanos
365 948 435 995 obem
444 948 521 995 tutela
529 948 688 1010 propinquos.

86 1035 173 1090 Quid?
193 1034 277 1097 siquis
288 1042 386 1095 gnatam
396 1045 441 1096 pro
453 1042 521 1083 muts
531 1036 631 1084 devovet
642 1049 712 1097 agna,

85 1126 183 1184 Integer
194 1130 231 1170 est
242 1122 336 1170 animi?
356 1136 388 1169 ne
399 1122 499 1170 dixeris.
531 1124 607 1184 Ergo,
618 1124 660 1171 ubi
673 1138 746 1186 prava

85 1210 209 1269 Stultitia,
219 1210 260 1258 hic
271 1218 308 1258 est
320 1223 416 1258 summa
426 1210 534 1259 insania:
553 1210 595 1273 qui
606 1212 746 1272 sceleratus,
848 1220 851 1227 ⁴

85 1301 120 1347 Et
131 1297 238 1346 furiosus
250 1296 298 1345 erit
309 1316 318 1358 ς
336 1311 408 1359 quem
419 1297 483 1359 cepit
493 1297 571 1346 vitrea
581 1298 671 1359 lama,

86 1389 163 1435 Hunc
173 1385 347 1435 circumtonuit
357 1386 466 1447 gaudens
477 1387 583 1437 Bellona
593 1387 708 1437 cruentis.

86 1478 173 1534 Nunc,
185 1488 238 1535 age,
250 1473 373 1522 luxuriam
384 1481 410 1523 et
422 1476 606 1524 Nomentanum
618 1476 697 1539 arripe
708 1490 811 1527 mecum.

86 1563 178 1612 Vincet
187 1562 254 1611 enim
265 1562 353 1610 cultos
364 1561 427 1609 ratio
440 1561 548 1611 insanire
561 1572 668 1626 nepotes.

88 1651 139 1700 llic
149 1650 224 1698 simul
235 1649 326 1711 accepit
336 1649 468 1711 patrimoni
482 1650 551 1699 mille
561 1652 663 1713 talenta,

88 1740 183 1800 Edicit,
194 1740 299 1803 piscator
309 1739 356 1799 uti,
369 1740 502 1801 pomarius,
514 1753 611 1801 auceps,

92 1828 287 1891 Unguentarius,
299 1842 327 1876 ac
337 1828 412 1876 Tusci
422 1829 493 1876 turba
500 1827 576 1889 impia
585 1827 642 1888 vici,
710 1843 714 1851 ’

94 1920 161 1968 Cum
173 1916 262 1966 scurris
274 1917 361 1975 fartor,
372 1930 429 1964 cum
437 1917 541 1965 Velabro
554 1929 627 1964 omne
636 1916 767 1965 Macellum
861 1900 867 1906 ’

94 2010 174 2056 Mane
185 2006 286 2055 domum
298 2005 403 2054 veniant.
437 2005 502 2058 Quid
513 2006 584 2052 turm?
604 2006 697 2054 Venere
708 2007 856 2068 frequentes:

78 2132 84 2137 .
96 2097 181 2144 Verba
191 2095 249 2143 facit
260 2095 328 2154 leno,
341 2092 460 2154 Quicquid
471 2092 543 2153 mihi,
554 2092 668 2154 quioquid
678 2100 703 2141 et
714 2094 802 2143 horum
834 2116 837 2121 ¹

100 2183 197 2244 Cuique
207 2182 274 2232 domi
284 2190 331 2241 est,
343 2182 368 2229 id
379 2180 450 2230 mede
461 2190 542 2230 tuum:
561 2190 586 2229 et
593 2183 631 2231 vel
642 2198 708 2233 nune
718 2192 782 2247 pcte,
789 2186 827 2234 vel
838 2199 900 2234 cras.

98 2272 191 2333 Accipe
202 2270 260 2332 quid
267 2278 353 2318 conua
360 2268 457 2330 juvenis
468 2269 620 2331 responderit
630 2285 731 2334 aequus3

100 2362 143 2409 Tu
155 2359 209 2407 nive
220 2360 317 2408 Lucana
327 2357 419 2406 dormis
429 2365 550 2417 ocreatum,
563 2365 591 2405 ut
600 2370 686 2421 aprum

103 2450 208 2498 Coenem
219 2460 280 2507 ego,
297 2453 325 2493 tu
335 2444 414 2506 pisces
423 2444 525 2493 hiberno
537 2459 568 2493 ex
579 2460 675 2507 {equore
686 2447 770 2510 vellis3

103 2536 192 2597 segnis
203 2548 258 2595 ego,
270 2533 383 2594 indignus
394 2533 436 2595 qui
447 2540 543 2582 tantum
554 2533 703 2595 possideam:
721 2537 804 2586 aufer!

105 2628 183 2675 Sume
192 2622 237 2671 tibi
247 2621 343 2681 decies3
360 2620 405 2669 tibi
415 2620 574 2683 tantundem3
591 2622 635 2670 tibi
646 2624 745 2687 triplex,

107 2703 257 2762 Unde'uxor
268 2708 348 2757 media
359 2708 435 2756 currit
447 2708 477 2755 de
488 2715 559 2758 noete
573 2709 653 2758 citata.

107 2799 188 2850 Filius
200 2796 285 2859 AEsopi
296 2797 428 2846 detractam
439 2811 470 2846 cx
480 2811 539 2846 sure
551 2799 668 2858 Metellae,

114 2886 214 2937 Scilicet
223 2893 251 2934 ut
262 2885 340 2934 decies
348 2884 454 2933 solidum
465 2886 615 2945 exsorberet,
627 2893 694 2935 aceto

113 2973 197 3026 Diluit
208 2973 329 3034 insignem
339 2974 455 3034 baccam;
472 2972 514 3033 qui
526 2972 619 3032 sanior,
631 2974 691 3023 acsi

116 3062 185 3113 lllud
195 3061 259 3111 idem
270 3061 296 3109 in
307 3061 418 3124 rapidum
430 3061 521 3111 dumen
529 3063 648 3123 jaceretve
663 3064 769 3111 cloacam
776 3065 796 3117 i,
