2192 3742
322 461 562 512 nmsnomnou
580 427 643 510 nin.
660 462 680 512 1.
696 477 723 511 x.

112 589 156 640 Sic
167 603 222 651 ego,
235 588 334 650 majoris
346 589 440 651 fugiens
451 588 583 653 opprobrio
593 590 682 652 eulpae,
760 575 764 581 ’

111 677 213 728 honos
224 678 255 727 ud
264 679 364 728 urbane
375 678 488 728 descendi
498 678 607 741 proemio.
640 678 713 734 Qnod
723 678 745 728 si

109 760 256 830 Depositum
267 767 352 816 laudes
363 768 395 816 ob
406 767 478 816 amici
486 769 557 828 J'usse
568 767 696 831 pudorem,

111 854 199 905 Scribe
208 855 244 904 tui
255 855 333 918 gregis
344 856 419 917 hune,
431 864 456 906 et
466 857 556 906 sortem
566 857 638 908 crede
648 860 797 920 bonumque.

408 1145 571 1200 EPISTOLA
588 1146 620 1194 X.

358 1320 394 1356 eo
410 1303 515 1357 ruscum
530 1322 668 1360 su1sriou.

108 1473 194 1522 Unius
205 1478 339 1521 amatorem
350 1471 455 1520 Fuscum
467 1473 560 1521 salvere
567 1474 681 1534 iubemus

109 1560 183 1610 Ruris
195 1567 327 1621 amotores,
339 1560 384 1609 huo
395 1559 421 1609 in
433 1575 460 1609 re
472 1560 566 1610 scilicet
575 1576 625 1610 une

110 1651 220 1699 Multum
231 1647 373 1710 dissimiles,
384 1656 410 1697 ut
420 1656 508 1698 eetere
517 1663 587 1711 paene
597 1651 705 1712 gemelli,

109 1737 234 1787 Frater-nis
244 1737 343 1798 animis,
354 1735 469 1799 quioquid
479 1744 552 1798 negat
562 1738 635 1797 alter,
646 1746 672 1787 et
682 1740 744 1788 alter
754 1760 764 1801 ;

107 1827 249 1882 Anniumus
259 1825 349 1890 pariter
360 1825 435 1875 vetuli
446 1825 546 1888 notique
557 1825 673 1875 columbi.

107 1917 148 1964 'l'u
158 1915 245 1965 nidum
256 1929 348 1976 servas,
360 1929 404 1977 ego
415 1914 489 1963 laudo
500 1914 566 1963 ruris
578 1915 671 1964 emoeni

108 2005 194 2065 Risus,
204 2012 230 2053 et
240 2018 323 2054 msuoo
335 2003 471 2052 circumlito
482 2017 552 2064 sexu,
565 2017 708 2065 nemusque.

108 2093 176 2150 Quid
186 2094 294 2157 queris?
313 2093 368 2142 vivo
378 2101 403 2142 et
415 2107 500 2155 regno,
513 2093 587 2142 simul
598 2093 646 2142 ista
656 2092 744 2156 reliqui

44 2215 50 2222 -
107 2185 169 2240 Qoae
180 2197 223 2232 vos
234 2183 265 2232 od
275 2183 366 2232 ooelum
376 2182 467 2231 effertis
479 2195 578 2230 rumore
590 2182 716 2244 seeundo;

108 2273 191 2335 thue
202 2270 333 2322 sucerdotis
346 2270 470 2332 fugitivus,
482 2269 533 2318 libe
543 2283 646 2332 recuso,

107 2363 175 2411 Pane
186 2375 244 2423 egeo
251 2363 304 2422 jem
315 2359 415 2410 mellitis
426 2359 522 2422 potiore
532 2346 660 2422 plnoentis.

106 2450 195 2499 Vivere
206 2456 300 2498 nature
311 2449 332 2497 si
342 2449 515 2498 convenienter
526 2457 634 2511 oportet,

107 2539 278 2602 Ponendaeque
289 2538 362 2588 domo
373 2539 503 2602 querenda
513 2546 551 2588 est
561 2553 618 2588 aree
628 2538 745 2604 primum,

107 2627 237 2678 Novistine
248 2628 330 2676 locum
340 2626 461 2691 potiorem
472 2641 529 2676 rure
539 2628 630 2676 besto?

105 2719 152 2780 Est
163 2717 205 2766 ubi
215 2719 271 2780 plus
282 2724 380 2781 tepeant
389 2717 500 2766 hiemes?
521 2716 563 2765 ubi
574 2715 737 2778 gratior‘anra

105 2806 194 2857 Leniat
203 2815 228 2856 et
239 2805 333 2856 rabiem
343 2805 428 2868 Canis,
440 2813 465 2854 et
477 2811 603 2854 momenta
613 2804 714 2865 Leonis,

107 2897 171 2960 Qum
183 2897 258 2947 semel
270 2895 360 2960 eooepit
371 2897 448 2945 solem
460 2895 606 2944 mribundus
617 2898 734 2943 acutum?

105 2985 153 3034 Est
163 2983 205 3033 ubi
215 2984 316 3034 divellet
324 2997 425 3034 somnos
436 2982 518 3032 minus
530 2982 612 3032 invida
622 2986 699 3032 cura?

106 3071 220 3122 Deserius
231 3071 326 3135 Libycis
336 3073 388 3122 olet
398 3064 442 3121 eut'
452 3071 514 3122 nitet
524 3072 601 3122 herbe
610 3071 719 3136 lopillisi

873 465 920 514 281
