2192 3742
171 498 220 546 308
384 547 387 552 ,
407 493 439 546 Q.
457 490 597 540 HORA'l'll
614 489 731 538 lnaccl

172 623 281 682 Torquet
291 621 321 668 nb
332 619 452 669 obscoenis
461 621 513 680 jam
525 633 590 667 nunc
600 618 753 667 sermonibus
763 631 859 677 aunem,

174 712 235 759 Mox
246 709 320 758 etiam
331 717 414 772 poeuis
425 707 550 772 pauentis
560 710 651 756 formal
660 707 755 768 amicis,

147 805 149 812 ’
173 799 316 862 Asperitatis
327 807 352 848 et
363 798 459 848 invidie
469 805 593 846 corrector
603 805 629 845 et
637 797 680 846 ire
689 817 697 858 ;

175 891 248 938 Recte
259 888 321 937 facta
331 888 421 948 refert3
439 885 543 935 orientia
552 893 663 948 tempora
672 885 738 933 nolis

176 975 277 1025 lnstrnit
287 974 404 1038 exemplis
414 995 422 1037 ς
439 974 535 1037 inopem
547 975 641 1023 solatur
652 981 677 1022 et
686 989 785 1035 aegrum.

178 1065 256 1116 Casus
267 1079 322 1114 cum
333 1064 413 1128 pueris
425 1065 508 1125 ignara
518 1065 600 1126 puella
611 1063 692 1112 mariti

176 1154 285 1203 Disceret
296 1153 358 1202 unde
368 1167 460 1216 preces,
471 1160 551 1202 vatem
561 1152 588 1200 ni
599 1154 671 1202 Musa
680 1152 805 1202 desiisset?

178 1243 260 1291 Poscit
270 1257 341 1306 opem
352 1243 450 1303 chorus,
462 1250 487 1290 ct
496 1243 625 1304 presentia
634 1243 837 1303 rumiliacensis,

180 1332 295 1381 Coelesles
306 1331 420 1394 implorat
431 1345 505 1394 aquas
516 1331 587 1380 docta
597 1346 668 1394 prece
677 1331 780 1380 blandus
789 1352 797 1392 ς
884 1343 892 1354 ·

178 1420 274 1468 Avertit
284 1421 394 1480 morbos,
405 1420 534 1468 metuenda
544 1419 653 1482 pericula
662 1420 747 1482 pellit;

180 1509 296 1570 lmpetrat
305 1514 330 1556 et
340 1522 433 1570 pacem,
445 1515 470 1556 et
480 1509 626 1570 locupletem
637 1508 746 1569 frugibus
757 1521 851 1556 annum

181 1595 296 1645 Carmine
307 1595 340 1645 nl
351 1596 431 1658 superi
442 1597 579 1658 placantur,
590 1596 699 1644 carmine
710 1596 804 1647 Manus.

180 1683 300 1745 Agricola
311 1683 394 1748 prisci,
406 1684 491 1743 fortes,
503 1697 625 1745 paruoque
635 1683 711 1741 beuti,

183 1770 287 1821 Condita
298 1779 354 1833 port
364 1772 497 1830 frumenta,
508 1772 615 1820 levanms
626 1779 736 1834 tempore
746 1773 808 1819 festo

184 1860 278 1921 eorpus
289 1865 314 1906 et
324 1859 404 1920 ipsum
416 1858 525 1906 animum
537 1873 579 1921 spe
590 1859 646 1908 linis
658 1859 720 1908 ‹lnra
730 1861 862 1920 ferentem,

184 1947 247 1996 Cnrn
258 1945 330 1994 sociis
342 1959 453 2008 operum,
466 1947 557 2008 pueris,
569 1953 595 1995 et
605 1949 707 2009 conjuge
719 1948 777 2008 lida,

183 2036 310 2085 Tellurem
320 2048 405 2097 porco,
418 2035 543 2084 Silvanum
555 2038 617 2084 laete
627 2036 736 2098 piabant,

184 2122 296 2172 Floribus
307 2132 332 2171 et
342 2123 399 2171 vino
411 2124 527 2184 Genium,
540 2139 673 2172 memorem
684 2123 763 2172 brevis
774 2123 827 2172 seri.

185 2211 334 2261 Fescennina
344 2227 386 2274 per
397 2213 462 2260 hunc
475 2213 572 2261 inventa
581 2198 679 2261 liceniia
690 2227 783 2261 mora

185 2300 300 2349 Versibus
313 2300 412 2349 alternis
424 2300 554 2362 opprobria
563 2302 653 2348 rustica
664 2301 743 2363 fudit3

185 2389 341 2451 bibentesque
353 2397 503 2438 recurrentes
515 2397 611 2451 accepta
620 2403 664 2451 per
676 2403 755 2438 annos

187 2476 257 2528 Lusit
267 2477 412 2536 amabiliter,
424 2478 500 2530 donec
509 2479 561 2537 Jam
570 2492 645 2526 saerus
657 2486 766 2540 aperiam

187 2568 215 2615 ln
228 2566 319 2614 rabiem
331 2566 391 2614 verti
402 2565 474 2627 coepit
481 2568 563 2625 jocus,
573 2575 599 2614 et
608 2581 651 2628 per·
661 2567 775 2614 honestas

189 2656 227 2703 lre
239 2654 324 2702 domos
336 2654 434 2720 impune
446 2653 537 2701 minax.
571 2657 676 2704 Doluere
687 2663 789 2704 emente

188 2745 266 2793 Dente
278 2742 399 2803 lacessiti3
418 2741 464 2790 fuit
474 2741 571 2790 intactis
581 2758 678 2804 quoque
687 2759 746 2792 cura

190 2831 335 2881 conditione
346 2845 418 2893 super
426 2832 564 2879 communi:
582 2832 640 2894 quin
651 2833 726 2880 etiam
737 2833 779 2880 lex

189 2923 311 2980 Poenaquc
321 2920 381 2977 lata,
392 2921 457 2967 malo
469 2935 522 2980 qum
534 2921 612 2968 nollet
621 2919 729 2968 carmine
741 2933 879 2982 quenquam

190 3007 313 3060 Describi:
331 3015 423 3055 vertere
435 3008 544 3066 modum,
557 3008 687 3056 formidine
698 3007 768 3056 fustis

83 3091 85 3096 ’
189 3097 229 3147 Ad
239 3099 301 3146 bene
311 3094 438 3144 dicendum
451 3095 664 3157 delectandumque
674 3095 774 3145 redacti.
