2192 3742
206 434 238 483 bi)

444 438 476 490 Q·
493 437 634 487 HORATH
651 439 769 491 Fusccl

334 565 438 613 Gramm
447 564 544 616 elocuta
553 566 739 619 oonsiliautibus

332 655 433 703 Junoue
443 653 525 703 Divis:
540 654 617 715 Ilion,
629 656 693 705 Ilion

366 741 455 791 Fatalis
466 742 620 805 incestusque
628 744 714 805 judex,

398 832 431 879 Et
441 832 531 880 mulier
539 832 667 894 peregriua
675 833 748 883 vertit

333 1007 362 1053 iu
372 1007 506 1067 pulverem,
516 1020 548 1055 ex
561 1021 609 1068 quo
621 1007 730 1057 destituit
741 1008 805 1057 Deos

333 1093 445 1145 Mercede
454 1100 524 1155 paeto
534 1094 685 1155 Laomedon,
698 1095 758 1144 mihi

365 1183 491 1243 casusque
501 1182 644 1231 damnatum
656 1184 775 1233 Minervae

397 1270 460 1317 Cum
471 1271 561 1332 populo
572 1278 597 1318 et
608 1272 669 1321 duce
680 1272 843 1323 fraudulento.

330 1446 387 1493 iam
399 1458 443 1492 uec
453 1445 560 1493 Laoeuae
572 1445 683 1507 splendet
693 1445 808 1495 adulterae

332 1534 448 1582 Famosus
459 1534 558 1596 hospes,
570 1548 614 1583 uec
626 1534 717 1583 Priami
729 1536 815 1585 domus

364 1624 465 1683 Perjura
473 1638 593 1685 puguaees
603 1626 708 1673 Achivos

396 1711 522 1760 Hectoreis
532 1712 619 1773 opibus
630 1695 741 1774 reiriugit
751 1732 760 1775 3

333 1884 477 1946 Nostrisque
487 1884 587 1935 duomm
598 1885 756 1935 seditionibus

332 1974 429 2023 Bellum
439 1972 545 2035 resedit3
563 1973 674 2036 protinus
684 1983 709 2023 et
720 1983 802 2035 graves

364 2062 427 2121 iras,
438 2068 463 2109 et
474 2061 579 2111 invisum
591 2070 713 2125 nepotem,

308 2199 314 2209 ,
393 2150 564 2213 'iboieaquem
576 2152 669 2214 peperit
680 2152 802 2213 saeerdos,

330 2326 405 2373 Marti
416 2326 547 2375 rfflouabo.
582 2328 655 2375 [lium
667 2342 711 2389 ego
723 2328 815 2377 lucidas

329 2414 395 2463 inire
406 2415 485 2475 sedes,
496 2414 583 2463 ducere
594 2416 698 2465 nectaris

361 2504 461 2562 Suooos,
471 2511 497 2551 et
507 2503 612 2551 adscribi
623 2504 713 2565 quietis

393 2592 526 2641 Ordinibus
538 2594 615 2655 patiar
626 2594 737 2644 deorum.

327 2768 490 2830 Dumlougus
500 2768 736 2818 mtersaeviatlliou
767 2796 769 2799 ·
853 2780 857 2785 '

327 2857 476 2918 Romamque
485 2865 586 2919 pontus,
599 2857 706 2919 qualibet
716 2857 813 2907 exsules

359 2946 387 2993 lu
400 2952 469 3007 parte
479 2952 597 3005 regnanto
608 2946 689 3007 besti;

389 3035 455 3083 Dum
466 3031 557 3081 Priami
569 3034 710 3093 Paridisque
717 3034 789 3096 busto
