2192 3742
301 514 540 566 cusromnuu
559 518 623 566 ura.
641 517 660 566 ι.
677 532 718 568 xv.
857 494 919 582 psn'
975 530 979 534 ·

101 643 180 699 Quod
190 657 230 692 me
240 644 343 693 Lucana
352 645 467 706 juvenem
477 645 632 696 commendet
642 644 747 706 amiam)

101 737 209 785 Tractus
220 741 276 784 uter
286 736 367 798 plures
378 735 484 797 lepores,
495 742 552 783 uter
560 735 647 785 educet
657 751 742 800 apros:

103 828 170 876 Utra
180 825 256 887 magis
267 825 343 888 pisces
355 833 380 873 et
391 825 490 876 echinos
502 841 601 888 aequora
614 828 711 889 celent3

103 915 206 976 Pinguis
217 902 313 963 ut'inde
323 914 424 963 domum
434 914 526 976 possim
536 916 673 977 Phaeaxque
684 917 785 965 reverti:

102 1003 217 1053 Scribere
227 1010 252 1052 te
263 1003 344 1064 nobis,
355 1003 400 1052 tibi
412 1017 458 1052 uos
470 1005 605 1065 accredere,
616 1017 661 1066 par
671 1013 716 1054 est.

103 1091 222 1153 Maenius,
233 1097 261 1139 u't
273 1093 344 1140 rebus
356 1092 472 1142 maternis
483 1100 558 1154 atque
565 1093 672 1156 paternis
711 1079 715 1087 ¹

102 1179 211 1229 Fortiter
223 1181 339 1229 absumtis
350 1181 458 1228 urbanus
469 1181 543 1244 coepit
551 1181 646 1242 haberi,

104 1274 198 1322 Scurra
207 1285 291 1332 vagus,
303 1283 353 1318 uon
365 1269 406 1332 qui
417 1277 511 1318 certum
522 1284 629 1334 prosopa
640 1279 743 1330 teneret,

104 1363 248 1423 impransus
259 1373 309 1407 non
321 1358 363 1421 qui
373 1357 449 1407 civem
462 1359 613 1420 dignosceret
622 1359 710 1420 hoste3

104 1447 228 1502 Quaelibet
239 1447 264 1494 in
276 1447 384 1508 quemvis
396 1439 527 1510 opprobria
537 1447 628 1508 fingere
638 1461 732 1508 sevus3

104 1535 229 1585 Pernicies
240 1543 265 1583 et
275 1541 404 1598 tempestas
415 1535 602 1597 barathrumque
612 1536 719 1595 macelli,

104 1623 227 1685 Quicquid
236 1624 374 1685 quaesierat,
385 1624 463 1672 ventri
474 1625 580 1672 donabat
589 1636 671 1672 staro.

103 1712 164 1771 Hic,
177 1711 218 1761 ubi
228 1711 342 1774 nequitiae
352 1711 486 1759 fautoribus
496 1719 522 1760 et
532 1696 673 1759 timidis'uil

101 1803 157 1850 Aut
168 1802 267 1863 paulum
279 1801 420 1859 absurierat,
432 1798 526 1861 patinas
534 1800 646 1848 coenabat
655 1799 743 1857 omasi,

100 1888 167 1937 Vilis
177 1896 202 1936 et
211 1879 316 1950 agninae,
326 1887 405 1936 tribus
415 1886 478 1935 ursis
490 1887 556 1949 quod
567 1887 625 1936 satis
635 1892 715 1955 esset3

100 1976 203 2028 Scilicet
212 1983 241 2025 ut
250 1983 346 2024 rennes
356 1977 440 2024 lamna
450 1976 568 2025 candente
579 1983 695 2038 nepotum
776 1989 780 1994 ·

101 2065 203 2116 Diceret
213 2065 319 2114 urendos
328 2072 452 2113 corrector
465 2064 571 2112 Bestius.
605 2063 672 2112 idem

102 2153 227 2216 Quicquid
237 2161 291 2202 erat
301 2161 385 2202 uacuus
396 2153 483 2215 praedae
494 2143 604 2213 majoris,
615 2152 658 2200 ubi
668 2138 742 2199 omne
800 2217 803 2222 A

101 2247 218 2294 Verterat
228 2243 254 2291 in
266 2243 362 2292 summu
373 2250 397 2290 et
408 2241 525 2303 cinerem,
538 2244 594 2290 Non
605 2242 705 2290 hercule
715 2239 802 2297 miror,

100 2333 202 2392 Aiebat,
215 2332 236 2380 si
248 2331 289 2394 qui
300 2330 431 2400 comeduut
440 2331 521 2390 bona3
538 2343 594 2377 cum
605 2328 638 2377 sit
646 2329 721 2377 obeso
744 2317 746 2320 ⁴

102 2423 150 2474 Nil
162 2421 249 2470 meiius
261 2421 343 2481 turdo,
356 2419 391 2468 nii
402 2420 473 2467 vulva
484 2418 607 2481 pulchrius
618 2417 706 2480 ampla.

102 2510 231 2562 Nimirum
241 2510 282 2558 hic
293 2523 337 2571 ego
349 2515 404 2558 suni
413 2528 421 2570 ς
438 2521 495 2556 uam
506 2514 560 2556 tuta
569 2514 595 2555 ct
603 2506 703 2568 parvula
713 2505 796 2567 laudo,

104 2603 172 2652 Cum
183 2613 222 2648 res
234 2598 359 2658 deficiunt,
371 2597 429 2646 satis
439 2597 503 2645 inter
514 2595 574 2644 vilia
583 2595 669 2644 fortis:

101 2692 198 2739 Verum
205 2687 247 2736 ubi
256 2687 313 2750 quid
323 2686 411 2734 meiius
422 2683 540 2750 contingit
551 2691 576 2732 et
587 2683 692 2742 unctius,
701 2683 764 2732 idem

102 2779 157 2827 Vos
169 2789 253 2838 sapere
263 2783 288 2824 et
296 2775 361 2824 solos
373 2772 413 2822 aio
423 2773 485 2834 bene
496 2771 585 2832 vivere,
596 2786 701 2833 quomm

105 2863 263 2929 conspicitur
273 2861 358 2912 nitidis
368 2861 468 2911 fundata
475 2859 580 2928 pecunia
589 2859 662 2907 villis.
