<?xml version="1.0" encoding="UTF-8"?>
<!DOCTYPE html PUBLIC "-//W3C//DTD XHTML 1.0 Transitional//EN"
    "http://www.w3.org/TR/xhtml1/DTD/xhtml1-transitional.dtd">
<html xmlns="http://www.w3.org/1999/xhtml" xml:lang="en" lang="en">
 <head>
  <title>
</title>
<meta http-equiv="Content-Type" content="text/html;charset=utf-8" />
  <meta name='ocr-system' content='tesseract 3.04.00' />
  <meta name='ocr-capabilities' content='ocr_page ocr_carea ocr_par ocr_line ocrx_word'/>
</head>
<body>
  <div class='ocr_page' id='page_1' title='image "./opera01gesngoog_0349.png"; bbox 0 0 2192 3742; ppageno 0'>
   <div class='ocr_carea' id='block_1_1' title="bbox 381 468 939 520">
    <p class='ocr_par' dir='ltr' id='par_1_1' title="bbox 381 468 939 520">
     <span class='ocr_line' id='line_1_1' title="bbox 381 468 939 520; baseline -0.004 -2"><span class='ocrx_word' id='word_1_1' title='bbox 381 472 424 520; x_wconf 87' lang='lat' dir='ltr'>DE</span> <span class='ocrx_word' id='word_1_2' title='bbox 441 471 529 519; x_wconf 81' lang='lat' dir='ltr'>ARTE</span> <span class='ocrx_word' id='word_1_3' title='bbox 546 470 699 519; x_wconf 81' lang='lat' dir='ltr'>POETICA.</span> <span class='ocrx_word' id='word_1_4' title='bbox 891 468 939 517; x_wconf 80' lang='lat'>337</span> 
     </span>
    </p>
   </div>
   <div class='ocr_carea' id='block_1_2' title="bbox 70 597 805 3194">
    <p class='ocr_par' dir='ltr' id='par_1_2' title="bbox 70 597 805 3194">
     <span class='ocr_line' id='line_1_2' title="bbox 120 597 710 658; baseline -0.002 -12"><span class='ocrx_word' id='word_1_5' title='bbox 120 635 122 638; x_wconf 84' lang='lat'>.</span> <span class='ocrx_word' id='word_1_6' title='bbox 139 598 203 652; x_wconf 84' lang='lat' dir='ltr'>Quin</span> <span class='ocrx_word' id='word_1_7' title='bbox 216 598 269 646; x_wconf 87' lang='lat' dir='ltr'>sine</span> <span class='ocrx_word' id='word_1_8' title='bbox 279 597 348 646; x_wconf 85' lang='lat' dir='ltr'>rivali</span> <span class='ocrx_word' id='word_1_9' title='bbox 359 603 465 658; x_wconf 59' lang='lat' dir='ltr'>terlucet</span> <span class='ocrx_word' id='word_1_10' title='bbox 475 605 517 646; x_wconf 88' lang='lat' dir='ltr'>tua</span> <span class='ocrx_word' id='word_1_11' title='bbox 528 599 595 646; x_wconf 88' lang='lat' dir='ltr'>solus</span> <span class='ocrx_word' id='word_1_12' title='bbox 606 611 710 646; x_wconf 85' lang='lat' dir='ltr'>amares.</span> 
     </span>
     <span class='ocr_line' id='line_1_3' title="bbox 138 683 801 750; baseline 0.002 -16"><span class='ocrx_word' id='word_1_13' title='bbox 138 683 182 735; x_wconf 83' lang='lat' dir='ltr'>Vir</span> <span class='ocrx_word' id='word_1_14' title='bbox 193 688 271 735; x_wconf 77' lang='lat' dir='ltr'>bonru</span> <span class='ocrx_word' id='word_1_15' title='bbox 282 695 307 734; x_wconf 90' lang='lat' dir='ltr'>et</span> <span class='ocrx_word' id='word_1_16' title='bbox 317 687 422 749; x_wconf 85' lang='lat' dir='ltr'>prudens</span> <span class='ocrx_word' id='word_1_17' title='bbox 434 703 517 736; x_wconf 87' lang='lat' dir='ltr'>versus</span> <span class='ocrx_word' id='word_1_18' title='bbox 529 688 689 750; x_wconf 79' lang='lat' dir='ltr'>reprehendet</span> <span class='ocrx_word' id='word_1_19' title='bbox 700 686 801 747; x_wconf 80' lang='lat' dir='ltr'>inertes,</span> 
     </span>
     <span class='ocr_line' id='line_1_4' title="bbox 138 774 661 838; baseline -0.002 -14"><span class='ocrx_word' id='word_1_20' title='bbox 138 774 252 838; x_wconf 78' lang='lat' dir='ltr'>culpabit</span> <span class='ocrx_word' id='word_1_21' title='bbox 262 776 346 835; x_wconf 85' lang='lat' dir='ltr'>duros,</span> <span class='ocrx_word' id='word_1_22' title='bbox 359 775 472 824; x_wconf 86' lang='lat' dir='ltr'>incomtis</span> <span class='ocrx_word' id='word_1_23' title='bbox 484 775 570 825; x_wconf 80' lang='lat' dir='ltr'>allinet</span> <span class='ocrx_word' id='word_1_24' title='bbox 581 784 661 824; x_wconf 64' lang='lat' dir='ltr'>auum</span> 
     </span>
     <span class='ocr_line' id='line_1_5' title="bbox 136 863 751 924; baseline 0.005 -15"><span class='ocrx_word' id='word_1_25' title='bbox 136 864 286 910; x_wconf 83' lang='lat' dir='ltr'>&#39;I&#39;ransverso</span> <span class='ocrx_word' id='word_1_26' title='bbox 298 864 391 911; x_wconf 84' lang='lat' dir='ltr'>calamo</span> <span class='ocrx_word' id='word_1_27' title='bbox 403 863 509 924; x_wconf 72' lang='lat' dir='ltr'>signum,</span> <span class='ocrx_word' id='word_1_28' title='bbox 521 865 649 913; x_wconf 83' lang='lat' dir='ltr'>ambitiosa</span> <span class='ocrx_word' id='word_1_29' title='bbox 660 863 751 912; x_wconf 81' lang='lat' dir='ltr'>recidet</span> 
     </span>
     <span class='ocr_line' id='line_1_6' title="bbox 136 950 723 1013; baseline 0.003 -14"><span class='ocrx_word' id='word_1_30' title='bbox 136 950 296 1009; x_wconf 81' lang='lat' dir='ltr'>ornamenta,</span> <span class='ocrx_word' id='word_1_31' title='bbox 308 965 392 1012; x_wconf 85' lang='lat' dir='ltr'>parum</span> <span class='ocrx_word' id='word_1_32' title='bbox 404 951 476 999; x_wconf 88' lang='lat' dir='ltr'>claris</span> <span class='ocrx_word' id='word_1_33' title='bbox 487 953 567 1000; x_wconf 84' lang='lat' dir='ltr'>lucem</span> <span class='ocrx_word' id='word_1_34' title='bbox 578 953 635 1000; x_wconf 88' lang='lat' dir='ltr'>dare</span> <span class='ocrx_word' id='word_1_35' title='bbox 645 960 723 1013; x_wconf 77' lang='lat' dir='ltr'>coget,</span> 
     </span>
     <span class='ocr_line' id='line_1_7' title="bbox 136 1039 710 1102; baseline 0.007 -17"><span class='ocrx_word' id='word_1_36' title='bbox 136 1039 229 1099; x_wconf 77' lang='lat' dir='ltr'>Arguet</span> <span class='ocrx_word' id='word_1_37' title='bbox 239 1039 349 1099; x_wconf 78' lang='lat' dir='ltr'>ambigue</span> <span class='ocrx_word' id='word_1_38' title='bbox 359 1040 461 1100; x_wconf 91' lang='lat' dir='ltr'>dictum,</span> <span class='ocrx_word' id='word_1_39' title='bbox 474 1042 589 1089; x_wconf 86' lang='lat' dir='ltr'>mutanda</span> <span class='ocrx_word' id='word_1_40' title='bbox 599 1041 710 1102; x_wconf 87' lang='lat' dir='ltr'>notabit;</span> 
     </span>
     <span class='ocr_line' id='line_1_8' title="bbox 135 1126 757 1189; baseline 0.002 -13"><span class='ocrx_word' id='word_1_41' title='bbox 135 1126 189 1176; x_wconf 83' lang='lat' dir='ltr'>Fiet</span> <span class='ocrx_word' id='word_1_42' title='bbox 201 1126 369 1176; x_wconf 79' lang='lat' dir='ltr'>Aristarchus:</span> <span class='ocrx_word' id='word_1_43' title='bbox 388 1143 438 1176; x_wconf 88' lang='lat' dir='ltr'>non</span> <span class='ocrx_word' id='word_1_44' title='bbox 450 1129 522 1188; x_wconf 88' lang='lat' dir='ltr'>dicet,</span> <span class='ocrx_word' id='word_1_45' title='bbox 536 1131 586 1177; x_wconf 86' lang='lat' dir='ltr'>Cur</span> <span class='ocrx_word' id='word_1_46' title='bbox 597 1144 641 1189; x_wconf 81' lang='lat' dir='ltr'>ego</span> <span class='ocrx_word' id='word_1_47' title='bbox 652 1129 757 1177; x_wconf 89' lang='lat' dir='ltr'>amicum</span> 
     </span>
     <span class='ocr_line' id='line_1_9' title="bbox 137 1214 725 1276; baseline 0.009 -15"><span class='ocrx_word' id='word_1_48' title='bbox 137 1214 265 1262; x_wconf 80' lang='lat' dir='ltr'>offendam</span> <span class='ocrx_word' id='word_1_49' title='bbox 276 1215 301 1262; x_wconf 91' lang='lat' dir='ltr'>in</span> <span class='ocrx_word' id='word_1_50' title='bbox 315 1215 403 1275; x_wconf 81' lang='lat' dir='ltr'>nugis?</span> <span class='ocrx_word' id='word_1_51' title='bbox 425 1217 468 1263; x_wconf 86' lang='lat' dir='ltr'>Hae</span> <span class='ocrx_word' id='word_1_52' title='bbox 481 1231 550 1276; x_wconf 79' lang='lat' dir='ltr'>nugae</span> <span class='ocrx_word' id='word_1_53' title='bbox 562 1217 625 1264; x_wconf 87' lang='lat' dir='ltr'>seria</span> <span class='ocrx_word' id='word_1_54' title='bbox 637 1217 725 1266; x_wconf 84' lang='lat' dir='ltr'>ducent</span> 
     </span>
     <span class='ocr_line' id='line_1_10' title="bbox 136 1302 747 1366; baseline 0.008 -18"><span class='ocrx_word' id='word_1_55' title='bbox 136 1302 165 1349; x_wconf 87' lang='lat' dir='ltr'>ln</span> <span class='ocrx_word' id='word_1_56' title='bbox 177 1303 242 1350; x_wconf 87' lang='lat' dir='ltr'>mala</span> <span class='ocrx_word' id='word_1_57' title='bbox 253 1302 359 1351; x_wconf 85' lang='lat' dir='ltr'>derisum</span> <span class='ocrx_word' id='word_1_58' title='bbox 371 1305 444 1352; x_wconf 89' lang='lat' dir='ltr'>semei</span> <span class='ocrx_word' id='word_1_59' title='bbox 457 1302 630 1366; x_wconf 83' lang='lat' dir='ltr'>exceptumque</span> <span class='ocrx_word' id='word_1_60' title='bbox 641 1305 747 1353; x_wconf 77' lang='lat' dir='ltr'>sinistre.</span> 
     </span>
     <span class='ocr_line' id='line_1_11' title="bbox 137 1392 796 1455; baseline 0.005 -15"><span class='ocrx_word' id='word_1_61' title='bbox 137 1393 172 1440; x_wconf 95' lang='lat' dir='ltr'>Ut</span> <span class='ocrx_word' id='word_1_62' title='bbox 184 1392 249 1438; x_wconf 83' lang='lat' dir='ltr'>maia</span> <span class='ocrx_word' id='word_1_63' title='bbox 258 1406 330 1452; x_wconf 91' lang='lat' dir='ltr'>quem</span> <span class='ocrx_word' id='word_1_64' title='bbox 343 1393 433 1440; x_wconf 82' lang='lat' dir='ltr'>scabies</span> <span class='ocrx_word' id='word_1_65' title='bbox 445 1401 487 1441; x_wconf 86' lang='lat' dir='ltr'>aut</span> <span class='ocrx_word' id='word_1_66' title='bbox 498 1395 598 1442; x_wconf 84' lang='lat' dir='ltr'>morbus</span> <span class='ocrx_word' id='word_1_67' title='bbox 610 1395 688 1455; x_wconf 80' lang='lat' dir='ltr'>regius</span> <span class='ocrx_word' id='word_1_68' title='bbox 701 1403 796 1455; x_wconf 79' lang='lat' dir='ltr'>urguet,</span> 
     </span>
     <span class='ocr_line' id='line_1_12' title="bbox 133 1480 652 1542; baseline 0.008 -16"><span class='ocrx_word' id='word_1_69' title='bbox 133 1480 184 1528; x_wconf 82' lang='lat' dir='ltr'>Aut</span> <span class='ocrx_word' id='word_1_70' title='bbox 195 1480 312 1528; x_wconf 83' lang='lat' dir='ltr'>fanaticus</span> <span class='ocrx_word' id='word_1_71' title='bbox 323 1495 392 1529; x_wconf 88' lang='lat' dir='ltr'>error</span> <span class='ocrx_word' id='word_1_72' title='bbox 403 1489 427 1529; x_wconf 89' lang='lat' dir='ltr'>et</span> <span class='ocrx_word' id='word_1_73' title='bbox 437 1481 553 1530; x_wconf 88' lang='lat' dir='ltr'>iracunda</span> <span class='ocrx_word' id='word_1_74' title='bbox 564 1482 652 1542; x_wconf 89' lang='lat' dir='ltr'>Diana,</span> 
     </span>
     <span class='ocr_line' id='line_1_13' title="bbox 134 1567 742 1632; baseline 0.005 -17"><span class='ocrx_word' id='word_1_75' title='bbox 134 1568 256 1615; x_wconf 75' lang='lat' dir='ltr'>vesanum</span> <span class='ocrx_word' id='word_1_76' title='bbox 265 1567 371 1628; x_wconf 78' lang='lat' dir='ltr'>tetigisse</span> <span class='ocrx_word' id='word_1_77' title='bbox 382 1569 469 1616; x_wconf 86' lang='lat' dir='ltr'>timent</span> <span class='ocrx_word' id='word_1_78' title='bbox 480 1569 623 1631; x_wconf 81' lang='lat' dir='ltr'>fugiuntque</span> <span class='ocrx_word' id='word_1_79' title='bbox 633 1568 742 1632; x_wconf 69' lang='lat' dir='ltr'>peditam,</span> 
     </span>
     <span class='ocr_line' id='line_1_14' title="bbox 132 1654 800 1719; baseline 0.007 -18"><span class='ocrx_word' id='word_1_80' title='bbox 132 1654 180 1707; x_wconf 82' lang='lat' dir='ltr'>Qui</span> <span class='ocrx_word' id='word_1_81' title='bbox 191 1654 303 1717; x_wconf 81' lang='lat' dir='ltr'>sapiunt3</span> <span class='ocrx_word' id='word_1_82' title='bbox 321 1654 412 1714; x_wconf 80' lang='lat' dir='ltr'>agitant</span> <span class='ocrx_word' id='word_1_83' title='bbox 422 1655 500 1717; x_wconf 90' lang='lat' dir='ltr'>pueri,</span> <span class='ocrx_word' id='word_1_84' title='bbox 513 1657 650 1718; x_wconf 80' lang='lat' dir='ltr'>incautique</span> <span class='ocrx_word' id='word_1_85' title='bbox 659 1665 800 1719; x_wconf 84' lang='lat' dir='ltr'>sequuntur.</span> 
     </span>
     <span class='ocr_line' id='line_1_15' title="bbox 135 1742 730 1805; baseline 0.003 -15"><span class='ocrx_word' id='word_1_86' title='bbox 135 1743 191 1801; x_wconf 89' lang='lat' dir='ltr'>Hic,</span> <span class='ocrx_word' id='word_1_87' title='bbox 205 1744 263 1790; x_wconf 89' lang='lat' dir='ltr'>dum</span> <span class='ocrx_word' id='word_1_88' title='bbox 275 1742 385 1790; x_wconf 88' lang='lat' dir='ltr'>sublimis</span> <span class='ocrx_word' id='word_1_89' title='bbox 398 1757 479 1792; x_wconf 87' lang='lat' dir='ltr'>versus</span> <span class='ocrx_word' id='word_1_90' title='bbox 490 1752 609 1805; x_wconf 74' lang='lat' dir='ltr'>ructatur,</span> <span class='ocrx_word' id='word_1_91' title='bbox 621 1753 646 1793; x_wconf 91' lang='lat' dir='ltr'>et</span> <span class='ocrx_word' id='word_1_92' title='bbox 655 1753 730 1805; x_wconf 86' lang='lat' dir='ltr'>errat,</span> 
     </span>
     <span class='ocr_line' id='line_1_16' title="bbox 131 1830 672 1899; baseline 0.007 -22"><span class='ocrx_word' id='word_1_93' title='bbox 131 1830 157 1878; x_wconf 90' lang='lat' dir='ltr'>Si</span> <span class='ocrx_word' id='word_1_94' title='bbox 169 1831 243 1879; x_wconf 89' lang='lat' dir='ltr'>veluti</span> <span class='ocrx_word' id='word_1_95' title='bbox 256 1832 355 1899; x_wconf 57' lang='lat' dir='ltr'>merulis</span> <span class='ocrx_word' id='word_1_96' title='bbox 367 1831 473 1881; x_wconf 85' lang='lat' dir='ltr'>intentus</span> <span class='ocrx_word' id='word_1_97' title='bbox 485 1833 573 1881; x_wconf 82' lang='lat' dir='ltr'>decidit</span> <span class='ocrx_word' id='word_1_98' title='bbox 587 1847 672 1896; x_wconf 84' lang='lat' dir='ltr'>auceps</span> 
     </span>
     <span class='ocr_line' id='line_1_17' title="bbox 130 1917 766 1981; baseline 0.009 -18"><span class='ocrx_word' id='word_1_99' title='bbox 130 1917 158 1963; x_wconf 89' lang='lat' dir='ltr'>In</span> <span class='ocrx_word' id='word_1_100' title='bbox 171 1923 270 1978; x_wconf 86' lang='lat' dir='ltr'>puteum</span> <span class='ocrx_word' id='word_1_101' title='bbox 283 1919 415 1978; x_wconf 83' lang='lat' dir='ltr'>foreamve,</span> <span class='ocrx_word' id='word_1_102' title='bbox 427 1918 493 1978; x_wconf 88' lang='lat' dir='ltr'>licet,</span> <span class='ocrx_word' id='word_1_103' title='bbox 506 1920 652 1979; x_wconf 81' lang='lat' dir='ltr'>succurrite,</span> <span class='ocrx_word' id='word_1_104' title='bbox 665 1921 766 1981; x_wconf 77' lang='lat' dir='ltr'>longum</span> 
     </span>
     <span class='ocr_line' id='line_1_18' title="bbox 133 2005 721 2077; baseline 0.003 -25"><span class='ocrx_word' id='word_1_105' title='bbox 133 2005 237 2064; x_wconf 83' lang='lat' dir='ltr'>Clamet,</span> <span class='ocrx_word' id='word_1_106' title='bbox 253 2007 279 2053; x_wconf 91' lang='lat' dir='ltr'>lo</span> <span class='ocrx_word' id='word_1_107' title='bbox 291 2006 369 2056; x_wconf 90' lang='lat' dir='ltr'>cives!</span> <span class='ocrx_word' id='word_1_108' title='bbox 389 2021 437 2054; x_wconf 90' lang='lat' dir='ltr'>non</span> <span class='ocrx_word' id='word_1_109' title='bbox 449 2007 481 2054; x_wconf 85' lang='lat' dir='ltr'>sit</span> <span class='ocrx_word' id='word_1_110' title='bbox 491 2007 531 2069; x_wconf 91' lang='lat' dir='ltr'>qui</span> <span class='ocrx_word' id='word_1_111' title='bbox 542 2009 629 2056; x_wconf 86' lang='lat' dir='ltr'>tollere</span> <span class='ocrx_word' id='word_1_112' title='bbox 640 2015 721 2077; x_wconf 80' lang='lat' dir='ltr'>curet:</span> 
     </span>
     <span class='ocr_line' id='line_1_19' title="bbox 133 2092 748 2160; baseline 0.008 -21"><span class='ocrx_word' id='word_1_113' title='bbox 133 2092 159 2139; x_wconf 90' lang='lat' dir='ltr'>Si</span> <span class='ocrx_word' id='word_1_114' title='bbox 170 2100 238 2140; x_wconf 89' lang='lat' dir='ltr'>curet</span> <span class='ocrx_word' id='word_1_115' title='bbox 249 2093 302 2153; x_wconf 89' lang='lat' dir='ltr'>quis</span> <span class='ocrx_word' id='word_1_116' title='bbox 314 2107 384 2160; x_wconf 81' lang='lat' dir='ltr'>opem</span> <span class='ocrx_word' id='word_1_117' title='bbox 397 2095 470 2153; x_wconf 81' lang='lat' dir='ltr'>ferre,</span> <span class='ocrx_word' id='word_1_118' title='bbox 481 2104 506 2143; x_wconf 85' lang='lat' dir='ltr'>et</span> <span class='ocrx_word' id='word_1_119' title='bbox 517 2095 643 2144; x_wconf 85' lang='lat' dir='ltr'>demittere</span> <span class='ocrx_word' id='word_1_120' title='bbox 655 2097 748 2155; x_wconf 77' lang='lat' dir='ltr'>tmen,</span> 
     </span>
     <span class='ocr_line' id='line_1_20' title="bbox 131 2167 710 2245; baseline 0.009 -19"><span class='ocrx_word' id='word_1_121' title='bbox 131 2167 179 2233; x_wconf 87' lang='lat' dir='ltr'>Qui</span> <span class='ocrx_word' id='word_1_122' title='bbox 192 2180 238 2228; x_wconf 85' lang='lat' dir='ltr'>scis</span> <span class='ocrx_word' id='word_1_123' title='bbox 250 2194 281 2228; x_wconf 87' lang='lat' dir='ltr'>an</span> <span class='ocrx_word' id='word_1_124' title='bbox 294 2182 398 2243; x_wconf 87' lang='lat' dir='ltr'>prudens</span> <span class='ocrx_word' id='word_1_125' title='bbox 410 2183 457 2230; x_wconf 90' lang='lat' dir='ltr'>huc</span> <span class='ocrx_word' id='word_1_126' title='bbox 468 2197 494 2230; x_wconf 88' lang='lat' dir='ltr'>se</span> <span class='ocrx_word' id='word_1_127' title='bbox 505 2183 628 2242; x_wconf 87' lang='lat' dir='ltr'>deJ&#39;ecerit‚</span> <span class='ocrx_word' id='word_1_128' title='bbox 640 2191 710 2245; x_wconf 81' lang='lat' dir='ltr'>atque</span> 
     </span>
     <span class='ocr_line' id='line_1_21' title="bbox 70 2267 647 2332; baseline 0.005 -17"><span class='ocrx_word' id='word_1_129' title='bbox 70 2302 72 2305; x_wconf 89' lang='lat'>-</span> <span class='ocrx_word' id='word_1_130' title='bbox 130 2267 226 2316; x_wconf 81' lang='lat' dir='ltr'>Servari</span> <span class='ocrx_word' id='word_1_131' title='bbox 236 2269 317 2316; x_wconf 84' lang='lat' dir='ltr'>nolit?</span> <span class='ocrx_word' id='word_1_132' title='bbox 336 2270 424 2328; x_wconf 88' lang='lat' dir='ltr'>dicam,</span> <span class='ocrx_word' id='word_1_133' title='bbox 437 2270 559 2332; x_wconf 87' lang='lat' dir='ltr'>Siculique</span> <span class='ocrx_word' id='word_1_134' title='bbox 569 2275 647 2331; x_wconf 76' lang='lat' dir='ltr'>podtae</span> 
     </span>
     <span class='ocr_line' id='line_1_22' title="bbox 131 2356 726 2407; baseline 0.008 -5"><span class='ocrx_word' id='word_1_135' title='bbox 131 2357 241 2404; x_wconf 83' lang='lat' dir='ltr'>Narrabo</span> <span class='ocrx_word' id='word_1_136' title='bbox 253 2356 392 2406; x_wconf 88' lang='lat' dir='ltr'>interitum:</span> <span class='ocrx_word' id='word_1_137' title='bbox 410 2359 475 2406; x_wconf 91' lang='lat' dir='ltr'>Deus</span> <span class='ocrx_word' id='word_1_138' title='bbox 488 2359 631 2407; x_wconf 83' lang='lat' dir='ltr'>immortalis</span> <span class='ocrx_word' id='word_1_139' title='bbox 643 2359 726 2407; x_wconf 88' lang='lat' dir='ltr'>baberi</span> 
     </span>
     <span class='ocr_line' id='line_1_23' title="bbox 128 2425 805 2508; baseline 0.01 -17"><span class='ocrx_word' id='word_1_140' title='bbox 128 2445 193 2492; x_wconf 87' lang='lat' dir='ltr'>Dum</span> <span class='ocrx_word' id='word_1_141' title='bbox 203 2444 269 2506; x_wconf 84' lang='lat' dir='ltr'>cupit</span> <span class='ocrx_word' id='word_1_142' title='bbox 280 2446 447 2508; x_wconf 86' lang='lat' dir='ltr'>Empedocles,</span> <span class='ocrx_word' id='word_1_143' title='bbox 459 2425 583 2495; x_wconf 76' lang='lat' dir='ltr'>ardentem</span> <span class='ocrx_word' id='word_1_144' title='bbox 595 2448 695 2508; x_wconf 77' lang='lat' dir='ltr'>frigidus</span> <span class='ocrx_word' id='word_1_145' title='bbox 706 2450 805 2498; x_wconf 84' lang='lat' dir='ltr'>AEtnam</span> 
     </span>
     <span class='ocr_line' id='line_1_24' title="bbox 128 2530 671 2596; baseline 0.013 -19"><span class='ocrx_word' id='word_1_146' title='bbox 128 2530 233 2580; x_wconf 84' lang='lat' dir='ltr'>Insiluit.</span> <span class='ocrx_word' id='word_1_147' title='bbox 267 2532 304 2581; x_wconf 91' lang='lat' dir='ltr'>Sit</span> <span class='ocrx_word' id='word_1_148' title='bbox 311 2535 351 2593; x_wconf 87' lang='lat' dir='ltr'>jus</span> <span class='ocrx_word' id='word_1_149' title='bbox 362 2535 479 2596; x_wconf 86' lang='lat' dir='ltr'>liceatque</span> <span class='ocrx_word' id='word_1_150' title='bbox 489 2535 568 2596; x_wconf 90' lang='lat' dir='ltr'>perire</span> <span class='ocrx_word' id='word_1_151' title='bbox 579 2535 671 2596; x_wconf 76' lang='lat' dir='ltr'>poetis:</span> 
     </span>
     <span class='ocr_line' id='line_1_25' title="bbox 129 2619 671 2682; baseline 0.009 -16"><span class='ocrx_word' id='word_1_152' title='bbox 129 2619 234 2668; x_wconf 86' lang='lat' dir='ltr'>Invitum</span> <span class='ocrx_word' id='word_1_153' title='bbox 247 2621 287 2682; x_wconf 90' lang='lat' dir='ltr'>qui</span> <span class='ocrx_word' id='word_1_154' title='bbox 298 2629 386 2679; x_wconf 85' lang='lat' dir='ltr'>servat,</span> <span class='ocrx_word' id='word_1_155' title='bbox 398 2622 462 2669; x_wconf 90' lang='lat' dir='ltr'>idem</span> <span class='ocrx_word' id='word_1_156' title='bbox 474 2621 530 2670; x_wconf 87' lang='lat' dir='ltr'>facit</span> <span class='ocrx_word' id='word_1_157' title='bbox 540 2623 671 2671; x_wconf 85' lang='lat' dir='ltr'>occidenti:</span> 
     </span>
     <span class='ocr_line' id='line_1_26' title="bbox 90 2710 774 2776; baseline 0.007 -20"><span class='ocrx_word' id='word_1_158' title='bbox 90 2773 91 2776; x_wconf 8' lang='grc' dir='ltr'><strong>Ἴ</strong></span> <span class='ocrx_word' id='word_1_159' title='bbox 130 2711 181 2757; x_wconf 88' lang='lat' dir='ltr'>Nec</span> <span class='ocrx_word' id='word_1_160' title='bbox 193 2711 267 2757; x_wconf 86' lang='lat' dir='ltr'>semel</span> <span class='ocrx_word' id='word_1_161' title='bbox 278 2710 324 2757; x_wconf 87' lang='lat' dir='ltr'>hoc</span> <span class='ocrx_word' id='word_1_162' title='bbox 335 2710 409 2771; x_wconf 86' lang='lat' dir='ltr'>fecit;</span> <span class='ocrx_word' id='word_1_163' title='bbox 428 2726 481 2770; x_wconf 90' lang='lat' dir='ltr'>nec,</span> <span class='ocrx_word' id='word_1_164' title='bbox 494 2712 516 2760; x_wconf 87' lang='lat' dir='ltr'>si</span> <span class='ocrx_word' id='word_1_165' title='bbox 526 2720 643 2761; x_wconf 87' lang='lat' dir='ltr'>retractus</span> <span class='ocrx_word' id='word_1_166' title='bbox 655 2714 711 2773; x_wconf 90' lang='lat' dir='ltr'>erit,</span> <span class='ocrx_word' id='word_1_167' title='bbox 720 2715 774 2773; x_wconf 84' lang='lat' dir='ltr'>J‘am</span> 
     </span>
     <span class='ocr_line' id='line_1_27' title="bbox 128 2796 731 2859; baseline 0.007 -15"><span class='ocrx_word' id='word_1_168' title='bbox 128 2796 181 2844; x_wconf 86' lang='lat' dir='ltr'>Fiet</span> <span class='ocrx_word' id='word_1_169' title='bbox 190 2797 276 2856; x_wconf 88' lang='lat' dir='ltr'>homo,</span> <span class='ocrx_word' id='word_1_170' title='bbox 287 2805 312 2844; x_wconf 88' lang='lat' dir='ltr'>et</span> <span class='ocrx_word' id='word_1_171' title='bbox 322 2805 395 2859; x_wconf 87' lang='lat' dir='ltr'>ponet</span> <span class='ocrx_word' id='word_1_172' title='bbox 406 2799 504 2846; x_wconf 81' lang='lat' dir='ltr'>famosae</span> <span class='ocrx_word' id='word_1_173' title='bbox 516 2800 602 2848; x_wconf 85' lang='lat' dir='ltr'>mortis</span> <span class='ocrx_word' id='word_1_174' title='bbox 614 2813 731 2848; x_wconf 86' lang='lat' dir='ltr'>amorem.</span> 
     </span>
     <span class='ocr_line' id='line_1_28' title="bbox 127 2883 722 2949; baseline 0.012 -20"><span class='ocrx_word' id='word_1_175' title='bbox 127 2883 179 2930; x_wconf 87' lang='lat' dir='ltr'>Nec</span> <span class='ocrx_word' id='word_1_176' title='bbox 190 2883 247 2931; x_wconf 82' lang='lat' dir='ltr'>satis</span> <span class='ocrx_word' id='word_1_177' title='bbox 259 2891 358 2945; x_wconf 83' lang='lat' dir='ltr'>apparet</span> <span class='ocrx_word' id='word_1_178' title='bbox 367 2898 410 2932; x_wconf 89' lang='lat' dir='ltr'>cur</span> <span class='ocrx_word' id='word_1_179' title='bbox 421 2900 503 2934; x_wconf 87' lang='lat' dir='ltr'>versus</span> <span class='ocrx_word' id='word_1_180' title='bbox 515 2887 622 2949; x_wconf 81' lang='lat' dir='ltr'>factitet3</span> <span class='ocrx_word' id='word_1_181' title='bbox 640 2895 722 2935; x_wconf 84' lang='lat' dir='ltr'>utrum</span> 
     </span>
     <span class='ocr_line' id='line_1_29' title="bbox 127 2963 740 3041; baseline 0.013 -25"><span class='ocrx_word' id='word_1_182' title='bbox 127 2969 246 3019; x_wconf 87' lang='lat' dir='ltr'>Minxerit</span> <span class='ocrx_word' id='word_1_183' title='bbox 256 2970 282 3018; x_wconf 90' lang='lat' dir='ltr'>in</span> <span class='ocrx_word' id='word_1_184' title='bbox 292 2971 383 3033; x_wconf 85' lang='lat' dir='ltr'>patrios</span> <span class='ocrx_word' id='word_1_185' title='bbox 395 2973 497 3033; x_wconf 78' lang='lat' dir='ltr'>cineres,</span> <span class='ocrx_word' id='word_1_186' title='bbox 510 2963 541 3022; x_wconf 76' lang='lat' dir='ltr'>an</span> <span class='ocrx_word' id='word_1_187' title='bbox 552 2975 622 3024; x_wconf 86' lang='lat' dir='ltr'>triste</span> <span class='ocrx_word' id='word_1_188' title='bbox 634 2976 740 3041; x_wconf 76' lang='lat' dir='ltr'>bidental</span> 
     </span>
     <span class='ocr_line' id='line_1_30' title="bbox 126 3056 726 3121; baseline 0.017 -18"><span class='ocrx_word' id='word_1_189' title='bbox 126 3056 232 3105; x_wconf 85' lang='lat' dir='ltr'>Moverit</span> <span class='ocrx_word' id='word_1_190' title='bbox 243 3057 363 3121; x_wconf 76' lang='lat' dir='ltr'>incestus5</span> <span class='ocrx_word' id='word_1_191' title='bbox 380 3067 445 3108; x_wconf 87' lang='lat' dir='ltr'>certe</span> <span class='ocrx_word' id='word_1_192' title='bbox 457 3060 526 3120; x_wconf 83' lang='lat' dir='ltr'>furit,</span> <span class='ocrx_word' id='word_1_193' title='bbox 538 3076 566 3110; x_wconf 89' lang='lat' dir='ltr'>ac</span> <span class='ocrx_word' id='word_1_194' title='bbox 576 3064 643 3112; x_wconf 88' lang='lat' dir='ltr'>velut</span> <span class='ocrx_word' id='word_1_195' title='bbox 654 3078 726 3113; x_wconf 84' lang='lat' dir='ltr'>ursus</span> 
     </span>
     <span class='ocr_line' id='line_1_31' title="bbox 514 3163 527 3194; baseline 0 0"><span class='ocrx_word' id='word_1_196' title='bbox 514 3163 527 3194; x_wconf 86' lang='lat' dir='ltr'><strong>z</strong></span> 
     </span>
    </p>
   </div>
   <div class='ocr_carea' id='block_1_3' title="bbox 0 0 1100 3742">
    <p class='ocr_par' dir='ltr' id='par_1_3' title="bbox 0 0 1100 3742">
     <span class='ocr_line' id='line_1_32' title="bbox 0 0 1100 3742; baseline 0 4"><span class='ocrx_word' id='word_1_197' title='bbox 0 0 1100 3742; x_wconf 95' lang='lat' dir='ltr'> </span> 
     </span>
    </p>
   </div>
  </div>
 </body>
</html>
