2192 3742
184 477 233 525 sic
425 477 456 530 o.
474 443 615 526 courru
632 477 750 528 ruucc1

184 601 216 652 Et
226 602 312 652 susdiis
323 607 401 652 annos
413 604 593 667 septemdedit,
604 605 759 667 insenuitque

185 693 263 742 Libris
274 700 299 741 et
308 693 384 753 curis,
395 701 475 742 scama
485 693 628 742 mcimrnius
639 701 691 742 nt

184 783 339 844 Plerumque,
352 790 376 830 el
387 782 438 831 risu
448 785 566 846 populum
577 783 668 844 quatit:
685 783 726 832 hic
734 796 778 844 ego
791 798 875 832 rerum
902 804 905 807 ·

185 871 308 920 Fluctibus
317 871 343 919 in
356 871 452 930 mediis,
463 879 488 919 et
499 872 682 934 tempestatibus
692 873 770 932 urbis,
815 927 822 938 x
868 900 879 926 ·,

183 962 263 1010 Verba
274 962 332 1023 lyrae
344 969 440 1010 motura
451 975 539 1010 sonum
551 959 695 1010 connectere
705 961 808 1021 digner?

185 1051 269 1098 Frater
282 1056 335 1097 erat
345 1051 429 1098 Romae
439 1050 545 1099 consulti
557 1050 651 1110 rhetor,
662 1057 691 1098 ut
700 1051 763 1098 alter

184 1139 292 1187 Alterius
304 1152 417 1187 sermone
428 1153 508 1187 meros
520 1139 615 1188 audiret
625 1140 749 1200 honores,

184 1227 306 1275 Gracchus
316 1234 344 1274 ut
355 1227 394 1274 hic
405 1227 441 1275 illi
455 1228 528 1287 foret,
540 1228 598 1276 huic
607 1235 636 1277 ut
647 1228 743 1276 Mucius
753 1227 804 1276 ille.

185 1312 234 1369 Qui
245 1314 325 1363 minus
337 1323 435 1375 argutos
447 1323 517 1364 vexat
528 1317 598 1364 furor
608 1316 654 1364 iste
665 1315 750 1378 politas
761 1318 771 1363 ?

185 1403 301 1452 Carmina
310 1417 442 1465 compono,
454 1403 494 1452 hic
504 1405 601 1465 elegos3
619 1403 731 1452 mirabile
740 1403 794 1450 visu

185 1491 350 1552 Celatumque
362 1505 448 1540 norem
460 1491 539 1540 Musis
551 1505 621 1554 opus.
654 1491 743 1553 Aspice
753 1489 872 1553 primum

184 1580 282 1633 Quanto
293 1593 349 1628 cum
360 1580 434 1640 fastu,
447 1587 538 1641 quanto
550 1579 677 1628 molimine
687 1579 792 1628 circum-

184 1667 325 1729 spectemus
336 1681 436 1716 vacuam
448 1669 564 1721 &manis
575 1669 670 1717 uuus
681 1669 766 1717 aedem.

185 1760 246 1808 Mox
258 1759 341 1820 etiam,
353 1759 374 1808 sl
386 1759 449 1808 forte
460 1755 539 1820 vacas,
552 1773 662 1820 sequere,
674 1766 699 1807 et
709 1760 794 1821 procul
805 1759 862 1808 audi
887 1789 891 1792 -

181 1848 246 1903 Quid
256 1849 329 1908 ferat,
340 1855 365 1896 et
376 1863 450 1910 quare
461 1849 507 1896 sibi
519 1856 599 1896 nectat
609 1855 710 1910 uterque
720 1862 846 1897 coronam.

183 1937 315 1996 Caedimur,
327 1943 352 1985 ec
361 1937 463 1986 totidem
475 1937 552 1999 plagis
563 1936 730 1986 consumimus
741 1936 847 1995 hostem,

182 2025 259 2074 Lento
272 2025 392 2074 Samnites
405 2025 436 2073 ad
446 2025 540 2074 lumina
550 2025 630 2088 prima
640 2025 731 2072 duello.

181 2114 284 2162 Discedo
295 2115 392 2162 Alcaeus
403 2121 493 2175 punem
505 2113 586 2161 illius:
604 2113 647 2160 ille
658 2126 713 2160 meo
724 2109 798 2172 quis?

181 2203 242 2257 Quis
253 2206 263 2251 ἓ
281 2203 329 2251 nisi
341 2203 504 2252 Callimachus
515 2205 525 2251 i
545 2202 567 2250 si
578 2203 633 2264 plus
643 2201 773 2263 adposcere
783 2197 859 2257 visus,

181 2291 220 2339 Fit
232 2291 404 2352 Mimnermus,
412 2298 437 2340 et
447 2290 529 2353 optivo
540 2289 685 2361 cognomine
696 2287 789 2337 crescit.

181 2379 262 2427 Multa
271 2380 334 2438 fero,
347 2386 375 2427 ut
384 2380 478 2441 placem
488 2393 564 2440 genus
574 2379 692 2430 urimbile
701 2388 794 2440 vatum,

182 2467 244 2516 Cum
252 2467 341 2527 scribo,
353 2473 379 2514 et
389 2468 491 2529 supplex
502 2467 587 2530 populi
598 2455 712 2530 suffragia
720 2477 805 2532 mpto:

181 2555 258 2615 Idem,
271 2554 347 2604 linitis
358 2555 492 2615 studiis5et
499 2563 581 2604 mente
591 2565 697 2619 recepta,
794 2599 797 2604 .

181 2645 299 2694 omnem
310 2644 404 2706 penulas
415 2643 514 2716 impune
526 2644 661 2706 legentibus
673 2659 752 2696 sures.

180 2732 299 2782 Ridentur
310 2735 374 2781 mala
386 2733 428 2795 qui
438 2741 589 2796 componunt
598 2734 721 2783 carminaz
738 2750 822 2784 verum

181 2823 293 2873 Gaudent
304 2823 445 2885 scribentes,
457 2832 482 2873 et
493 2839 518 2874 se
529 2833 687 2887 veumanmr,
698 2833 724 2877 et
734 2829 816 2886 ultro,

180 2912 207 2963 Si
218 2921 306 2974 taceas,
318 2911 420 2962 laudant
430 2913 547 2975 quidquid
555 2913 683 2977 scripsere,
694 2916 768 2964 beati.

178 3004 213 3050 At
223 3002 265 3063 qui
276 3000 412 3062 legitimum
422 3000 503 3063 cupiet
514 3000 599 3050 fecisse
609 3007 707 3064 poema,

181 3091 243 3139 Cum
255 3087 342 3138 tabulis
353 3086 462 3138 animum
474 3089 582 3140 censoris
593 3098 672 3141 sumet
680 3088 778 3139 honesti
788 3107 796 3151 ς
