2192 3742
382 488 522 538 EPODON
539 488 644 538 LIBER.
870 493 913 542 161

210 622 280 679 Post,
291 616 414 680 ursepultu
424 618 534 666 membru
544 615 656 665 different
667 616 729 680 lupi,

242 708 276 755 Et
285 705 418 768 Esquilinus
430 705 513 754 alloes:

211 797 297 857 Neque
306 795 354 843 hoc
364 801 475 857 parentes
492 795 550 858 (heu
562 795 623 843 mihi
634 796 774 857 superstites
785 795 803 859 l)

243 884 361 949 Etl'ugerlt
370 885 541 947 spectaculum.

456 1172 522 1220 ODE
532 1171 576 1220 vl.

361 1359 395 1393 ru
406 1358 519 1394 cussum
537 1358 667 1393 suvuuuru.
684 1340 687 1345 ’

212 1520 282 1573 Qun>
293 1516 449 1565 immerontes
460 1516 568 1579 hospites
579 1530 663 1577 vexas,
675 1516 752 1577 canis,

238 1608 340 1668 lguuvus
351 1605 479 1654 adversum
486 1605 577 1667 lupos?

207 1695 273 1750 Quin
284 1695 333 1743 huc
344 1694 440 1753 manes,
452 1693 473 1741 si
483 1701 563 1756 potos,
576 1692 650 1741 vertis
662 1692 751 1752 mlnus,

238 1784 271 1830 Et
281 1796 321 1830 me
332 1796 500 1830 remorsurum
511 1782 593 1843 petis?

208 1873 282 1930 Num,
294 1870 373 1933 qualis
385 1878 427 1919 aut
439 1871 575 1931 Molossus,
588 1877 631 1918 uut
641 1870 722 1918 fulvus
736 1870 816 1918 Lacon

244 1960 341 2023 (Amica
352 1959 388 2008 vis
399 1956 548 2022 pastoribus)

206 2050 283 2111 Apu
295 2063 338 2111 per
349 2049 411 2097 ulta
422 2062 481 2096 aure
493 2048 588 2097 sublato
598 2047 676 2107 nives,

240 2139 396 2198 eraecrruque
406 2135 526 2199 praeoodet
536 2136 596 2184 feru.

206 2226 246 2273 Tu
256 2239 313 2273 cum
324 2224 433 2274 timenda
442 2238 501 2273 voce
511 2222 639 2287 oomplusti
653 2236 750 2282 nemus,

239 2314 379 2374 Projuctum
391 2313 501 2362 odoraris
510 2312 600 2362 eibum.

208 2402 282 2462 cave,
294 2416 367 2465 cave3
384 2417 490 2465 namque
500 2403 526 2451 ln
538 2403 616 2451 malos
629 2399 774 2463 asperrimus

240 2479 327 2537 Parata
338 2490 400 2537 tollo
413 2502 521 2551 oomua5

208 2577 294 2632 Qualis
307 2579 431 2641 Lycumbae
443 2583 538 2641 spretus
551 2577 626 2626 infido
638 2591 721 2639 gener,

240 2667 292 2715 Aut
303 2680 357 2714 aoer
367 2647 447 2722 hostis
456 2667 560 2729 Bupalo.

207 2756 258 2813 Au,
269 2753 291 2802 si
302 2753 357 2814 quis
368 2762 422 2802 atro
433 2753 505 2803 (lente
517 2769 558 2803 me
569 2753 689 2817 petiverit,

240 2844 336 2892 lnulors
348 2851 376 2891 ut
387 2844 450 2892 flebo
462 2847 541 2907 puer?
