2192 3742
211 477 258 525 22⁴
451 479 482 530 Q.
500 476 639 526 HORATII
651 478 770 527 FLACCI

210 574 312 654 Caesaris
322 601 405 651 invicti
414 618 453 652 res
463 604 542 653 dicere
552 624 560 665 3
578 604 777 663 multaiaborum

210 691 314 740 Praemia
323 693 424 740 mustus.
457 695 476 752 1
483 692 614 753 Cupidum,
625 700 693 754 pater
705 693 807 754 optime,
819 692 883 743 vires

210 780 346 828 Deficiunt:
363 779 517 841 nequeenim
527 780 604 841 quivis
615 780 742 829 horrentia
751 781 808 843 pilis

211 866 325 928 Agmina,
337 869 462 917 necfracte
472 876 599 931 pereuntes
611 869 708 931 cuspide
719 870 815 929 Gallos,

211 957 262 1004 Aut
272 956 375 1005 labentis
386 971 448 1018 equo
458 956 577 1005 describat
587 958 688 1005 vulnera
699 956 791 1006 Parthi.

211 1046 352 1105 {Attamen
364 1053 389 1093 ct
395 1047 489 1105 justum
501 1052 598 1107 poteras
609 1052 634 1093 et
645 1045 751 1093 scribere
761 1044 861 1105 fortem,

211 1132 346 1195 Scipiadam
356 1141 385 1181 ut
395 1133 490 1195 sapiens
504 1132 620 1182 Lucilius.
653 1134 671 1189 i
682 1132 753 1181 Haud
765 1132 825 1181 mihi
836 1133 921 1194 decre,

213 1222 275 1271 Cum
287 1236 325 1270 res
335 1222 388 1283 ipsa
398 1221 475 1269 ieret:
493 1220 541 1269 nisi
552 1220 638 1268 dextro
650 1227 769 1281 tempore,
781 1221 859 1269 Flacci

211 1310 292 1357 Verba
302 1323 346 1372 per
356 1317 473 1359 etiem
484 1323 535 1358 non
546 1308 618 1357 ibunt
629 1308 730 1357 Caesaris
741 1323 824 1357 aurem
835 1329 844 1371 3

215 1395 262 1446 cni
273 1397 337 1445 male
347 1396 369 1444 si
379 1398 486 1459 palperc,
499 1396 634 1445 recalcitrat
644 1396 749 1459 undique
761 1404 837 1445 tutus.

211 1486 232 1540 ἵ
249 1485 346 1537 Quanto
357 1484 445 1531 rectius
457 1484 515 1543 hoc,
525 1497 598 1545 quam
610 1482 674 1531 tristi
685 1483 772 1531 laedere
784 1498 854 1531 versu

213 1572 374 1620 Pantolabum
385 1585 493 1619 scurram
505 1573 733 1631 Nomentanumque
744 1578 857 1633 nepotem
868 1574 874 1619 !

212 1660 276 1709 eum
286 1660 332 1709 sibi
343 1660 442 1721 quisque
454 1660 533 1719 timet,
544 1673 681 1720 quanquam
692 1666 729 1706 est
741 1658 855 1720 intactus,
867 1667 893 1709 et
903 1661 964 1709 odit.

211 1749 232 1803 ἵ
240 1747 304 1801 Quid
315 1748 422 1796 faciam
441 1749 519 1796 Saltat
531 1746 660 1805 Milonius,
671 1753 699 1793 ut
710 1748 784 1794 semel
795 1746 843 1795 icto

211 1834 318 1883 Accessit
328 1836 409 1884 fervor
418 1835 500 1897 capiti,
512 1848 674 1895 numerusque
685 1835 799 1883 lucernis.

211 1924 298 1972 Castor
308 1923 394 1983 gaudet
404 1922 471 1983 equis
481 1941 489 1983 ς
506 1936 553 1970 ovo
564 1930 695 1983 prognatus
706 1922 802 1982 eodem,

212 2010 310 2070 Pugnis.
344 2009 526 2071 Quot-capitum
536 2008 630 2068 vivunt,
642 2008 744 2057 totidem
755 2008 894 2075 studiorum

213 2096 307 2144 Millia:
325 2111 365 2145 me
375 2096 475 2158 pedibus
486 2096 589 2145 delectat
599 2097 711 2145 claudere
721 2098 803 2155 verba,

213 2182 290 2231 Lucili
301 2183 360 2243 ritu,
372 2191 483 2231 nostrum
495 2183 603 2231 melioris
614 2190 725 2243 utroque.

213 2272 257 2319 llle
267 2272 333 2319 velut
344 2271 398 2319 lidis
408 2284 496 2319 arcane
504 2271 627 2319 sodalibus
637 2270 698 2319 olim

214 2365 332 2415 Credebat
342 2366 427 2427 libris;
445 2380 532 2427 neque,
545 2366 566 2413 si
577 2368 641 2414 mele
652 2374 766 2427 gesserat,
778 2379 881 2428 usquam

212 2457 347 2503 Deurrrens
357 2455 416 2513 alio,
428 2468 506 2515 neque
516 2455 537 2502 si
550 2456 611 2502 bene
621 2474 626 2502 ι
644 2469 691 2515 quo
703 2456 742 2515 fit,
752 2463 780 2503 ut
790 2454 870 2503 omnis

212 2541 298 2589 Votive
307 2549 387 2602 pateat
395 2541 469 2588 veluti
480 2542 600 2604 descripta
609 2543 700 2590 tabella

212 2629 268 2677 Vrtu
278 2628 352 2677 senis.
385 2630 478 2689 Sequor
489 2630 565 2688 hunc,
577 2630 688 2677 Lucanus
699 2643 730 2677 an
741 2630 861 2691 Appulus,
873 2643 963 2693 anceps

212 2718 276 2764 Nam
286 2715 423 2764 Venusinus
434 2717 568 2764 aratfinem
579 2718 624 2765 sub
635 2725 764 2777 utrumque
774 2718 887 2777 colonus,

212 2805 303 2853 Missus
314 2806 412 2864 adhoc,
424 2806 500 2866 pulsis
514 2806 592 2868 (vetus
604 2813 641 2853 est
651 2813 680 2852 ut
689 2803 764 2866 sarna)
779 2804 895 2863 Sabellis,

212 2894 267 2946 Quo
278 2907 309 2940 ne
318 2906 362 2955 per
372 2906 474 2940 vacuum
486 2895 597 2940 Romano
608 2892 743 2940 incurreret
752 2892 844 2939 hostis:

210 2982 264 3031 Sive
276 2982 340 3043 quod
349 2981 445 3043 Appula
455 2994 524 3041 gens,
536 2994 579 3029 seu
589 2981 654 3040 quod
665 2980 770 3029 Lurconis
780 2980 872 3027 bellum

211 3072 331 3120 lncuteret
340 3070 453 3120 violenta.
487 3068 534 3117 Sed
543 3069 584 3117 hic
596 3069 665 3117 stilus
676 3068 741 3117 haud
751 3068 812 3131 petit
820 3068 887 3115 ultro
