2192 3742
161 483 209 530 312
342 524 345 530 .
398 481 429 534 Q·
448 478 589 530 HORA'i'ii
608 479 726 529 mcci

161 609 201 658 Ad
211 608 286 657 libros
297 615 323 656 et
333 607 363 656 ud
375 608 427 656 hnc
438 610 566 656 Musarum
580 607 646 656 dous
655 620 765 667 sontes,

162 695 277 746 Boeottim
288 696 313 744 in
323 710 405 746 crosso
413 697 508 757 jurures
519 701 576 744 aere
586 704 680 744 nutum.

159 789 193 835 Ar
204 801 282 849 noque
291 785 436 835 dedecorant
446 793 489 834 ura
500 785 531 834 de
542 800 569 834 se
576 785 676 846 judicia,
686 793 759 846 utque

160 857 274 936 Munere,
286 890 339 938 qute
351 876 429 924 multa
438 874 585 930 dnntiscum
596 873 667 922 laude
677 874 797 931 tulerunt,

161 965 249 1014 Dilecti
259 964 304 1014 tibi
314 963 430 1026 Virgilius
440 962 575 1024 Variusque
586 967 679 1024 poem

161 1057 212 1104 Nec
223 1055 298 1118 magis
309 1054 418 1117 expressi
430 1054 510 1101 vultus
521 1066 565 1114 per
576 1053 668 1099 aheneo
679 1051 758 1112 signs,

160 1146 241 1199 Quum
251 1159 294 1208 per
301 1143 361 1192 votis
373 1157 434 1206 opus
447 1155 527 1190 mores
539 1139 662 1201 animique
671 1140 781 1188 virorum

69 1287 71 1292 ,
162 1234 292 1282 clarorum
302 1238 426 1294 apparent.
459 1232 510 1278 Nec
521 1242 647 1277 sermones
657 1243 702 1289 ego
713 1229 813 1276 mallem

159 1323 280 1384 Repentes
291 1335 334 1384 per
344 1321 458 1380 humum,
469 1333 542 1381 quum
553 1332 592 1366 res
602 1332 747 1380 componere
761 1325 853 1379 genus,

158 1411 338 1471 Terrarumque
348 1409 408 1458 situs
420 1416 445 1457 et
456 1407 558 1456 flumina
568 1407 658 1465 dicere,
670 1415 696 1454 et
705 1420 773 1455 arces

160 1495 287 1544 Montibus
298 1495 432 1559 impositus,
444 1503 469 1544 et
479 1497 584 1543 burbsrn
593 1509 678 1556 regnu,
688 1495 786 1556 tuisque

158 1583 279 1646 Auspiciis
290 1592 369 1633 toturn
380 1585 490 1632 coniectu
500 1584 582 1632 duella
592 1598 635 1646 per
646 1585 742 1643 orbern,

160 1671 319 1734 Claustruque
330 1672 455 1720 custodem
466 1673 532 1735 puris
543 1671 682 1720 cohibentia
694 1673 796 1730 Juuum,

158 1763 190 1810 Et
200 1761 356 1810 formidatum
367 1761 463 1810 Parthis
475 1769 499 1810 te
509 1761 622 1823 principe
631 1763 753 1822 Romam

159 1849 196 1910 Si,
209 1857 325 1912 quantum
336 1863 459 1912 cuperem,
472 1863 569 1912 possem
579 1862 684 1911 quoque.
709 1848 757 1897 Sed
767 1861 847 1910 neque
858 1861 967 1910 parvum

161 1939 265 1987 carmen
278 1939 390 1998 majestis
402 1937 488 2000 recipit
498 1945 551 1997 tuo,
564 1952 610 1986 nec
620 1952 688 1986 meus
700 1936 773 1986 audet

136 2063 141 2068 .
159 2029 220 2075 Rem
231 2033 326 2076 tenure
336 2025 425 2088 pudor,
436 2039 509 2087 quum
520 2025 585 2074 viros
597 2026 662 2074 ferre
672 2033 791 2074 recusent

159 2114 280 2164 sedunus
290 2121 382 2175 uuum,
394 2114 467 2164 stulte
478 2127 552 2176 quem
562 2113 652 2183 diiigit
663 2122 765 2175 urguet3

160 2203 282 2266 Praecipue
292 2217 348 2252 cum
359 2217 385 2251 se
399 2201 507 2251 numeris
519 2202 674 2250 commendat
684 2209 710 2250 et
719 2210 783 2250 ute:

158 2290 237 2342 mscit
247 2291 313 2340 enim
322 2289 394 2339 citius
405 2291 565 2352 meminitque
575 2289 692 2339 libentius
704 2289 766 2338 illud

158 2379 231 2433 Quod
241 2379 295 2441 quis
306 2377 410 2440 deridet,
421 2393 494 2441 quam
504 2379 570 2441 quod
580 2380 668 2441 probet
677 2386 703 2427 et
709 2385 847 2426 veneretur.

159 2467 201 2516 Nil
212 2482 295 2517 moror
307 2467 412 2517 officium
424 2468 490 2530 quod
501 2483 541 2517 me
551 2475 635 2529 gravat
642 2455 655 2515 τ’
666 2482 694 2517 uc
705 2481 783 2531 neque
793 2467 853 2515 doto

158 2559 187 2605 ln
198 2559 266 2619 pejus
278 2559 346 2606 vultu
358 2557 463 2622 proponi
475 2571 560 2606 cereus
571 2571 686 2618 usquam,

157 2647 208 2694 Nec
219 2660 292 2709 prove
304 2646 373 2696 factis
385 2645 493 2695 dcooruri
505 2645 613 2693 versibus
621 2653 695 2706 opto:

157 2738 195 2784 Ne
207 2736 306 2784 rubeum
317 2735 401 2798 pingui
412 2735 516 2784 donatus
528 2748 639 2795 munere,
651 2742 677 2783 ct
687 2748 738 2783 unu

157 2824 220 2872 Cum
232 2822 349 2886 scriptore
361 2837 416 2872 mco
426 2837 498 2886 capso
509 2830 635 2886 porrectus
647 2830 742 2885 opertu,

157 2911 258 2960 Deseror
270 2910 296 2958 in
308 2911 389 2960 vicum
400 2911 545 2961 vendentem
556 2919 596 2959 tus
608 2918 633 2959 et
644 2910 744 2970 odores,

156 3005 189 3051 Et
199 3002 278 3066 piper,
289 3009 314 3050 et
325 3001 438 3064 quicquid
449 3001 540 3051 chortis
548 3001 663 3051 amicitur
674 3000 772 3063 ineptis.
