2192 3742
202 449 250 498 ros
441 450 473 504 u
490 449 631 500 uousru
647 451 766 502 sruccr
786 419 791 426 ¹

203 575 855 643 Liberuneterectnn,presensuoraurretaptat?

203 663 275 719 Quod
285 663 307 712 si
317 678 357 713 me
367 667 471 730 populus
483 669 608 716 Romanus
618 670 683 717 torte
693 676 771 730 roget,
782 680 827 717 mr

140 757 145 762 '
204 755 272 814 Non,
284 761 312 803 nt
321 755 466 818 porticibus,
478 756 513 804 sic
520 756 619 818 judiciis
628 759 698 805 finer
707 755 801 818 isdem3

204 843 256 892 Neo
267 843 860 908 sequerentfnginrn,qnaediiigitipserelodit:

204 931 273 981 Olim
282 932 347 994 quod
356 933 439 995 vulpes
450 941 542 993 egroto
553 941 624 981 muta
633 933 701 981 leoni

204 1020 348 1084 Respondit,
359 1023 478 1069 reiernmz
496 1021 561 1075 Quin
569 1036 610 1070 rne
619 1020 719 1082 vestigia
729 1029 823 1070 terrent

205 1110 297 1160 Omnia
306 1117 330 1159 te
341 1110 468 1158 adversum
479 1111 621 1172 spectantia,
633 1113 703 1159 nulla
712 1119 856 1160 retrorsum.

204 1199 282 1248 Belua
289 1199 423 1247 multorum
431 1211 457 1246 es
469 1197 590 1260 capitum:
607 1212 666 1246 nom
677 1199 734 1260 quid
745 1203 849 1262 sequar?
862 1208 909 1250 ant
919 1204 1017 1264 quern?

206 1291 265 1338 Pars
276 1287 406 1337 hominum
416 1287 487 1350 gestit
497 1287 633 1336 conducere
644 1287 756 1350 publiea:
773 1295 832 1338 sunt
841 1288 885 1351 qui

208 1371 303 1423 crustis
314 1380 339 1422 et
350 1370 428 1436 pomis
438 1370 522 1420 viduas
533 1378 653 1419 venentur
664 1385 759 1432 arares,

207 1462 383 1527 Excipiamque
393 1477 474 1522 senes,
486 1477 547 1524 quos
559 1461 585 1510 in
596 1461 688 1511 rivaria
699 1461 810 1511 mittant:

208 1550 296 1600 Multis
307 1551 402 1600 occulto
412 1549 499 1599 crescit
509 1564 548 1598 res
558 1550 661 1598 foenore.
694 1550 785 1625 Verum

208 1641 279 1700 Esto,
292 1639 346 1688 aliis
356 1639 417 1688 alios
429 1639 501 1688 rebus
512 1638 646 1700 studiisque
657 1638 753 1701 teneri3

209 1729 286 1778 lidem
297 1729 381 1778 eadem
392 1735 494 1792 possunt
504 1729 591 1776 horam
602 1728 691 1777 durare
701 1729 850 1791 probantes?

125 1887 128 1892 Δ
210 1818 300 1868 Nullus
311 1817 338 1866 in
349 1820 408 1868 orbe
418 1818 487 1866 sinus
497 1816 564 1870 Baiis
576 1817 692 1878 praelucet
702 1816 816 1876 amoenis,

211 1906 238 1956 Si
249 1906 312 1955 dixit
322 1905 398 1967 dives,
409 1907 476 1956 locus
487 1914 512 1955 et
523 1920 592 1956 mare
602 1905 678 1954 sentit
687 1919 796 1954 amorem

211 1995 357 2046 Festinantis
368 1996 438 2059 heri3
455 1997 495 2045 cui
505 1995 526 2045 si
537 1996 625 2045 vitiosa
634 1996 710 2045 libido

211 2087 231 2136 F
231 2085 305 2135 eoerit
315 2085 459 2148 auspicium,
469 2099 523 2134 cras
534 2085 684 2134 ferramenta
694 2087 806 2134 Teanum

212 2173 326 2234 Tolletis,
337 2171 407 2222 fabri.
440 2173 528 2222 Lectus
539 2172 640 2234 genialis
650 2173 677 2221 in
689 2174 745 2221 aula
754 2174 809 2222 est?

214 2260 256 2310 Nu
267 2262 302 2310 ait
312 2275 365 2311 esse
376 2261 453 2324 prius,
465 2249 553 2310 merrus
565 2262 601 2309 nil
612 2261 700 2310 coelibe
709 2261 775 2323 vita3

214 2349 241 2401 Si
253 2365 303 2401 non
315 2358 362 2411 est,
371 2353 440 2411 jurat
449 2351 511 2398 bene
523 2350 583 2399 solis
594 2364 647 2398 esse
659 2349 763 2399 maritis.

215 2443 270 2495 Quo
281 2448 377 2490 teneam
387 2441 469 2489 viduis
482 2447 617 2510 nutantem
629 2440 718 2487 Protea
728 2437 814 2487 nodo?

215 2529 281 2583 Quid
290 2531 398 2593 pauper?
417 2528 481 2577 ride:
500 2535 580 2576 mutat
590 2529 725 2588 ooenacula,
737 2528 824 2587 lectos,

215 2619 317 2678 Balnea,
327 2625 439 2667 tonores
448 2636 456 2678 ;
473 2615 594 2665 conducto
605 2614 700 2676 navigio
711 2602 779 2677 aque

216 2709 324 2756 Nauseat
335 2720 362 2754 ac
372 2706 492 2768 locuples,
504 2719 577 2767 quem
588 2702 655 2751 ducit
664 2701 733 2766 priva
743 2701 859 2750 triremis.

216 2795 243 2845 Si
255 2803 364 2844 crutatus
374 2793 490 2856 inaequali
500 2801 603 2843 tonsore
614 2791 715 2855 capillos
740 2795 744 2799 ’

218 2881 330 2944 Oecurri,
341 2881 418 2930 rides:
437 2881 458 2930 si
470 2882 533 2940 forte
544 2883 664 2931 subucula
673 2896 742 2944 pexae

216 2971 287 3022 Trita
294 2973 377 3021 subest
385 2970 486 3040 turrido,
497 2966 540 3020 vel'
547 2971 569 3020 si
577 2979 634 3032 toga
644 2970 745 3020 dissidet
755 2969 844 3032 impar,

218 3060 300 3110 Rides.
333 3058 409 3120 Quid,
421 3073 537 3108 meacum
548 3069 641 3127 pugnat
650 3057 772 3125 sententia
782 3059 884 3107 secum?
