2192 3742
323 513 515 563 SERMONUM
533 514 595 563 LIB.
613 516 632 563 1.
649 515 698 564 viii.
860 520 906 566 213

110 638 219 688 Invisum
230 638 342 701 agricolis
353 639 430 701 sidus,
437 640 551 713 uenisse:
569 643 653 691 ruebat

111 729 216 777 Flumen
226 728 404 790 renisurum,
416 730 494 778 sertin
505 744 554 792 quo
565 744 621 778 rare
631 732 729 780 securis.

110 818 177 864 'i'urn
189 818 353 866 Praenestinns
364 820 430 867 salso
441 820 567 880 multoque
578 819 664 867 fluenti

111 906 236 967 Expressa
246 906 345 953 arbusto
356 906 445 966 regerit
454 907 572 967 mavinia,
584 908 660 956 durus

111 993 290 1053 Vindeminter,
301 1001 326 1041 et
336 994 449 1054 invictus,
460 994 500 1042 eui
510 1009 574 1056 saepe
584 995 663 1043 viator

115 1080 242 1141 cessisset,
255 1095 343 1142 magns
353 1083 502 1143 compellans
514 1096 572 1131 voce
582 1084 704 1133 cuculum.

112 1171 149 1217 At
159 1170 268 1229 Graecus,
279 1180 407 1231 postquem
416 1177 453 1217 est
462 1171 525 1218 Iulo
536 1172 648 1232 perfusus
659 1179 737 1231 aceto,

114 1257 213 1306 Persius
223 1259 353 1317 exclamat,
366 1259 413 1306 Per
422 1272 534 1319 magnos,
545 1260 631 1318 Brute,
643 1259 700 1308 deos
711 1265 735 1307 te

116 1347 180 1406 Oro,
192 1346 234 1407 qui
244 1360 312 1407 reges
323 1346 449 1395 consueris
459 1347 557 1406 tollere,
569 1360 612 1395 eur
620 1360 671 1395 non

115 1436 187 1482 Hunc
195 1436 284 1495 Regem
291 1434 406 1495 jugules?
425 1422 526 1496 opernm
533 1435 591 1493 hoc,
600 1434 660 1481 mihi
671 1434 752 1493 erede,
759 1441 858 1483 tuorum
865 1442 910 1483 est.

414 1727 534 1776 SATIBA
550 1730 618 1779 Viii.

280 1900 307 1935 ru
326 1900 536 1937 snrnnsrruosos
553 1870 589 1935 ιη’
601 1900 752 1937 venemens.

119 2052 193 2098 Onu
205 2056 306 2097 truncus
317 2064 384 2098 eram
395 2050 510 2109 ficulnus,
521 2048 608 2098 inutile
619 2048 729 2109 lignum3

121 2139 186 2187 Cum
196 2138 274 2198 faber,
286 2138 392 2187 incertus
404 2152 530 2187 scamnum
541 2138 662 2185 faceretne
673 2138 798 2199 Priapum,

120 2225 213 2275 Maluit
223 2239 276 2273 esse
286 2225 367 2274 deum.
401 2228 466 2274 Deus
476 2224 534 2273 inde
545 2238 600 2287 ege,
612 2225 694 2277 furum
706 2224 832 2286 aviumque

120 2314 233 2362 Maxima
243 2314 348 2363 formido
359 2333 367 2375 ς
384 2327 441 2361 narn
452 2315 518 2361 fures
529 2313 616 2360 dextre
626 2316 730 2371 coercet,

122 2400 294 2463 Obscoeneqne
304 2402 378 2449 ruber
388 2407 515 2463 porrectus
526 2400 557 2447 ab
566 2398 664 2459 inguine
674 2399 743 2461 palus
754 2418 762 2460 ;

121 2490 171 2537 Ast
180 2488 332 2550 impormnes
342 2489 452 2537 volueres
462 2487 489 2535 in
500 2486 588 2535 vertice
600 2486 693 2535 arundo

120 2578 210 2624 Terret
221 2576 281 2635 fixa,
291 2582 403 2637 vetatque
413 2574 482 2624 novis
493 2574 619 2623 considere
630 2574 656 2621 in
667 2573 754 2622 hortis.

123 2665 179 2712 Huc
190 2663 258 2726 prius
269 2663 377 2723 angustis
387 2664 463 2723 eieeee
472 2662 587 2729 cadevera
597 2662 665 2710 cellis

122 2752 262 2801 conservus
273 2750 317 2799 viii
327 2750 447 2813 portenda
456 2752 551 2799 locabat
561 2750 587 2798 in
599 2764 662 2798 arca.

122 2840 178 2887 Hoc
188 2838 284 2887 miserae
295 2838 361 2901 plebi
371 2840 450 2888 stabnt
460 2853 590 2889 eommune
601 2840 748 2901 sepulcrum,

124 2927 262 2975 Pantolabo
272 2940 372 2989 seurrae,
385 2929 588 2989 Nomentanoque
599 2926 690 2989 nepoti.
797 2984 800 2991 μ

121 3014 195 3064 Mille
208 3015 279 3076 pedes
290 3015 316 3063 in
327 3016 419 3076 fronte,
430 3023 551 3064 treeentos
562 3014 645 3077 cippus
655 3014 681 3061 in
692 3026 776 3074 agrum

123 3105 171 3153 Hic
185 3105 272 3167 (leben
289 3104 397 3154 haeredes
407 3112 594 3154 monumentum
604 3116 636 3151 ne
647 3109 794 3164 sequeretur.
