2192 3742
326 502 519 552 SERMONUM
537 504 599 551 LIB.
617 504 637 553 1.
654 503 686 552 vi.
805 552 808 557 ,
856 506 903 555 207

99 630 162 689 Nec,
174 628 196 677 si
207 627 266 690 quid
276 627 333 677 miri
343 630 416 679 faciet
426 637 524 690 namra,
536 630 594 679 deos
606 630 632 679 id

98 716 192 765 uiuus
203 731 235 765 ex
246 718 297 765 uiuo
308 719 365 766 coeli
376 718 502 787 dequittere
513 725 585 767 tecto.

100 805 268 855 Brundusium
278 808 357 867 longae
368 807 424 855 finis
436 807 572 869 ehntaeque
582 806 681 869 visuque.

416 1110 535 1161 surius
552 1112 594 1162 v1.

271 1288 298 1322 IN
317 1286 458 1321 nukisonsss
476 1289 610 1323 NATALIUM
628 1290 742 1327 suouuM.

103 1440 175 1497 Nou,
184 1438 250 1500 quis,
262 1439 393 1498 Maeeenas,
406 1438 528 1501 Lyuomm
539 1437 652 1500 quicquid
663 1441 778 1490 Etruscos
824 1438 830 1445 '

103 1526 211 1575 Inuoluit
220 1527 292 1586 fines,
305 1538 377 1574 nemo
389 1526 527 1587 generosior
538 1534 576 1574 est
584 1534 625 1589 te3
667 1524 675 1575 ’.

104 1616 167 1674 Nec,
178 1614 244 1676 quod
254 1628 312 1662 avus
322 1615 367 1662 tibi
379 1623 501 1663 maternus
513 1615 560 1663 fuit
571 1624 642 1677 atque
652 1624 777 1679 paternus,

104 1702 174 1751 Olim
185 1704 227 1764 qui
238 1703 332 1763 mugnis
342 1704 477 1763 legionibus
488 1703 672 1765 imperitarent3

105 1792 142 1840 Ut
151 1791 260 1853 plerique
271 1793 361 1851 solent,
373 1805 433 1839 nuso
444 1791 570 1853 suspendis
582 1792 676 1841 adunco

105 1882 216 1941 Ignotos,
227 1888 256 1927 uo
266 1893 307 1927 me
317 1879 431 1928 libertino
442 1887 510 1941 putre
521 1887 615 1927 natum.

106 1969 171 2018 Cum
182 1968 273 2016 referre
284 1972 367 2028 negas,
379 1967 444 2028 quali
454 1968 486 2015 sit
497 1968 599 2030 quisque
608 1978 708 2031 parente

104 2059 195 2117 Notus,
206 2056 265 2121 dum
276 2055 402 2116 ingenuus.
435 2056 567 2104 Persundes
578 2057 625 2105 hoc
636 2057 680 2105 tibi
691 2072 756 2119 vere,

105 2148 172 2194 Ante
183 2152 327 2207 potestatem
337 2143 405 2192 Tulli
416 2152 487 2205 atque
498 2144 605 2204 ignobile
616 2159 727 2205 regnum,

105 2235 202 2282 Multos
214 2246 277 2295 saepe
286 2231 352 2279 viros'
363 2231 438 2279 nullis
449 2232 583 2291 majoribus
594 2240 661 2280 ortos

34 2308 37 2311 ’
106 2322 140 2369 Et
149 2320 239 2369 vixisse
250 2320 349 2381 probos,
361 2318 447 2379 amplis
458 2325 483 2364 et
493 2316 628 2365 honoribus
640 2325 736 2367 auctos:

107 2409 211 2468 Contra,
223 2407 358 2467 biennum,
370 2405 453 2455 Valeri
464 2420 549 2467 genus,
562 2406 626 2454 uude
637 2408 759 2470 Superbus

5 2507 8 2515 ⁴
106 2495 255 2557 Tarquinius
266 2508 341 2556 reguo
353 2495 437 2555 pulsus
449 2494 506 2553 fuit,
517 2493 592 2541 unius
603 2494 663 2543 assis

107 2588 166 2634 Non
178 2598 285 2645 unquam
296 2582 376 2645 pretio
386 2582 464 2645 pluris
473 2582 581 2643 licuisse,
594 2591 694 2632 notente

106 2673 205 2732 iudice,
217 2686 265 2734 quo
277 2671 353 2732 nosti,
364 2672 471 2735 populo;
488 2672 529 2733 qui
541 2673 630 2720 stultus
642 2673 747 2721 honores

108 2764 178 2823 Saepe
190 2760 232 2809 dat
242 2759 359 2819 indignis,
370 2767 395 2806 et
406 2759 476 2807 famae
488 2760 562 2807 servit
573 2760 668 2822 ineptus
679 2780 687 2822 ς
743 2778 748 2787 ⁴

108 2850 158 2904 Qui
170 2856 251 2911 stupet
260 2848 287 2895 in
298 2847 376 2895 titulis
387 2855 411 2894 et
423 2846 575 2908 imaginibus.
609 2847 674 2901 Quid
685 2857 781 2912 oportet
863 2877 867 2884 -

108 2940 162 2986 Nos
173 2936 263 2995 funere,
274 2948 289 2982 s
299 2935 372 2995 vulgo
382 2935 455 2995 longe
465 2936 583 2997 longeque
595 2943 702 2985 remotos
712 2939 722 2985 ‚²

109 3024 221 3086 Namque
232 3031 296 3083 esto,
306 3022 411 3085 populos
423 3022 520 3094 lanvino
532 3022 616 3071 mullet
627 3023 746 3073 honorem

110 3114 190 3167 Quem
202 3098 277 3161 Decio
289 3109 405 3159 mundare
415 3124 491 3159 novo:
509 3124 643 3173 censorque
655 3121 763 3161 moveret
