2192 3742
165 473 214 522 260
406 471 437 525 Q·
454 470 595 520 flottam
612 471 731 522 mcci

166 599 248 648 indice
260 605 407 648 monstraret
416 598 504 660 digito=
522 613 581 650 nam
590 606 679 648 cetera
689 601 772 661 turba,

167 690 230 748 Nos,
241 688 350 750 inquam,
361 702 486 766 ooenpmus
498 701 563 749 aves,
574 687 712 750 ooncbylia,
723 689 811 750 pisces,

165 780 248 838 Longe
258 776 401 826 dissimilem
413 784 473 825 noto
484 775 589 825 celantia
598 790 696 824 soccum
706 797 715 839 3

167 867 202 916 Ut
212 867 251 914 vel
262 865 379 914 continuo
391 865 479 928 patuit,
490 879 546 913 eum
555 865 659 928 passeris
670 872 742 926 atque

165 957 289 1016 ingustata
300 953 361 1002 mihi
372 960 515 1016 porrexerat
525 953 570 1002 ilia
579 954 686 1002 rhombi.

165 1047 224 1093 Post
234 1045 281 1093 boo
292 1059 331 1093 me
342 1043 433 1104 docuit,
445 1043 570 1112 melimela
582 1046 671 1093 rubere
681 1043 801 1092 minorem

163 1134 203 1183 au
213 1134 297 1183 lunam
309 1133 415 1183 delecta:
432 1133 491 1194 quid
501 1134 548 1182 boc
558 1133 666 1194 intersit,
677 1135 709 1182 ab
719 1133 773 1196 ipso

163 1223 277 1272 Audieris
288 1223 384 1272 melius.
416 1224 482 1271 'lium
492 1223 604 1271 Vibidius
615 1223 760 1285 Balatroni,

163 1313 227 1372 Nos,
239 1312 287 1361 nisi
298 1312 415 1361 damnose
425 1311 541 1372 bibimus,
553 1311 689 1360 moriemur
699 1312 787 1367 inuiti:

162 1402 195 1449 Et
205 1401 291 1450 mlices
302 1401 380 1464 poscit
391 1403 503 1462 maiores.
536 1397 638 1450 Vertere
647 1402 729 1464 pallor

161 1491 226 1537 'lum
237 1489 337 1551 parochi
347 1490 443 1549 faciem,
456 1489 492 1537 nil
502 1489 536 1538 sic
548 1489 679 1548 maturantis
690 1497 719 1538 ut
728 1500 795 1538 acres

162 1579 282 1639 potores,
298 1577 337 1625 νει
348 1577 412 1640 quor
424 1577 573 1626 musaeum
581 1564 694 1638 naemu
704 1580 744 1626 ver

107 1673 113 1688 ¹
161 1665 262 1714 Fervida
273 1665 338 1728 quod
348 1665 437 1715 subtile
448 1666 583 1715 exsurdant
590 1666 649 1715 vina
658 1667 774 1730 polanam

160 1753 288 1803 Invertunt
298 1753 413 1821 Allifanis
424 1754 517 1802 vinaria
527 1763 580 1804 tota

160 1842 270 1892 Vibidius
281 1843 437 1907 Balatroque,
450 1843 537 1892 secutis
552 1844 681 1892 omnibus:
698 1844 743 1893 imi

162 1930 275 1980 Convivae
286 1930 343 1979 lecti
355 1931 459 1978 nihilum
467 1943 576 1979 nocuere
586 1931 688 1992 lagenis.

160 2019 267 2067 Affertur
278 2017 377 2093 squillas
390 2018 454 2066 inter
465 2030 576 2066 muraena
581 2027 693 2068 namtas

159 2109 188 2156 ln
199 2108 281 2171 patina
290 2116 409 2171 porrecta.
443 2109 494 2158 Sub
504 2109 552 2157 hoo
562 2109 647 2170 beros,
660 2111 719 2157 llaet
730 2109 837 2172 gravida,
849 2109 946 2174 inquit,

159 2198 235 2260 Capta
246 2204 293 2258 est,
304 2197 410 2246 deterior
422 2204 478 2260 post
487 2205 585 2260 partiam
596 2211 670 2247 carne
680 2199 770 2248 mmm.

158 2288 203 2337 liis
216 2289 316 2338 mistim
324 2291 365 2350 jus
376 2296 413 2338 est
423 2309 431 2350 3
449 2289 514 2348 oleo,
527 2289 594 2350 quod
602 2289 682 2351 prima
691 2288 791 2338 Venafri

157 2377 249 2426 Pressit
259 2378 337 2439 cella3
354 2391 412 2441 Q
423 2376 453 2425 de
464 2376 539 2425 succis
551 2377 624 2440 piscis
635 2377 716 2440 lben'3

156 2465 220 2515 Vino
231 2465 392 2528 quinquenni,
404 2479 488 2513 verum
499 2465 562 2513 citra
573 2479 641 2515 mare
651 2473 721 2526 nato,

156 2557 221 2604 Dum
229 2553 340 2617 coquitur
356 2554 435 2618 (cocto
447 2554 536 2602 Chium
549 2554 584 2603 sic
595 2554 720 2615 convenit,
732 2561 821 2602 utnon

156 2646 210 2692 Hoc
221 2643 296 2704 magis
307 2643 387 2691 ullum
398 2641 474 2704 aliud)
490 2642 572 2706 pipere
583 2643 649 2704 albo,
662 2657 712 2691 non
724 2641 777 2691 sine
788 2649 868 2702 aceto,

155 2731 228 2787 Quod
239 2733 429 2795 Methymnaeam
439 2731 499 2779 vitio
510 2731 641 2780 mutaverit
650 2745 731 2781 uram·

153 2824 244 2886 Egucas
254 2796 354 2882 virides,
366 2821 445 2894 inulas
457 2837 501 2883 ego
512 2821 606 2884 primus
617 2834 711 2870 amaras

153 2909 290 2976 bloustravi
300 2910 438 2971 incoquere,
450 2910 534 2958 illutos
547 2910 666 2960 Curtillus
677 2909 787 2977 echinos,

154 3004 190 3053 Ut
201 3001 287 3049 melius
299 2999 387 3060 muria,
399 3013 471 3062 quam
482 3008 545 3050 testa
555 3000 651 3049 marina
660 2998 772 3050 remittit.

156 3092 252 3141 Interea
262 3102 379 3152 suspensa
389 3103 472 3150 graves
483 3091 560 3140 aolaea
571 3090 654 3142 ruinas
690 3106 693 3112 ·
