2192 3742
289 480 528 536 EPISTOLARUM
546 485 609 534 ΗΒ.
626 486 647 533 1.
662 485 680 533 i.
849 489 896 535 265
954 519 957 525 ι

69 617 76 641 ⁸
86 615 114 666 Si
126 613 202 664 modo
212 615 314 664 culturae
326 614 458 677 patientem
469 613 608 662 commodet
617 627 709 662 aurem.

86 705 174 756 V'ntus
186 712 223 753 est
234 704 319 753 vitium
331 705 424 773 §.cgere²
436 711 462 752 et
472 702 591 771 sapientia
600 702 679 770 prima

71 820 76 856 ς
87 794 199 844 Stultitia
209 794 322 843 caruisse.
355 793 439 853 Vides,
451 807 505 854 quae
516 792 625 842 maxima
634 792 712 842 credis

87 884 150 931 Esse
163 883 238 942 mala,
250 882 365 944 exiguum
376 896 487 942 censum,
499 889 644 945 turpemque
654 883 787 945 repulsam,

88 973 189 1026 Quanto
200 971 290 1020 devites
303 971 379 1020 animi
390 970 522 1033 capitisque
532 973 625 1022 labore.

88 1060 195 1124 impiger
206 1068 328 1110 extremos
339 1060 417 1110 curris
429 1068 551 1109 mercator
561 1060 593 1109 ad
604 1061 689 1122 indos,

88 1150 136 1197 Per
149 1162 216 1197 mare
227 1149 366 1212 pauperiem
376 1149 482 1210 fugiens,
493 1163 537 1211 per
548 1162 618 1208 saxa,
629 1161 673 1211 per
683 1149 767 1210 ignes:
847 1165 852 1176 ·

39 1243 43 1247 '
89 1239 128 1303 Ne
138 1251 208 1285 cures
219 1251 248 1285 ea
258 1251 311 1297 quae
322 1237 397 1285 stulte
409 1235 505 1287 miraris
516 1244 542 1285 et
552 1244 631 1300 optas,

86 1325 188 1374 Discere
198 1333 223 1374 et
234 1324 318 1373 audire
329 1331 354 1373 et
364 1323 460 1373 meliori
470 1323 571 1372 credere
581 1338 631 1372 non
642 1324 698 1372 vis?

88 1413 150 1468 eris
162 1413 255 1462 circum
267 1427 340 1477 pagos
352 1420 377 1462 et
387 1413 479 1462 circum
489 1413 595 1476 compita
605 1427 703 1476 pugnax

88 1504 181 1564 Magna
189 1501 303 1550 coronari
315 1508 456 1550 contemnat
468 1501 593 1565 Olympia,
603 1502 643 1554 eui
655 1513 720 1566 spes,

89 1591 137 1642 Cui
148 1591 180 1641 sit
190 1591 299 1640 conditio
310 1591 387 1640 dulcis
399 1591 452 1641 sine
462 1592 562 1654 pulvere
572 1593 675 1654 palm&

86 1680 168 1730 Vilius
180 1688 307 1742 argemum
318 1687 356 1728 est
366 1693 437 1740 auro,
448 1679 578 1730 virtutibus
589 1694 685 1728 aurum.

88 1770 111 1821 0
122 1770 197 1831 cives,
209 1770 284 1829 cives,
296 1769 426 1832 quaerenda
436 1769 538 1833 pectinis
547 1769 654 1833 primurn
664 1777 712 1830 est,

86 1857 173 1907 Virtus
184 1864 241 1920 post
251 1838 380 1906 nummos:
398 1857 449 1906 hec
460 1859 539 1907 danus
552 1871 663 1906 summus
674 1857 704 1906 ab
716 1856 766 1905 imo

87 1947 223 2008 Prodocet;
240 1947 293 1996 hac
303 1947 417 1996 recinunt
425 1948 526 2006 Juvenes
538 1946 629 1995 dictata
639 1959 765 2008 senesque,

86 2037 161 2085 Laevo
174 2035 285 2098 suspensi
296 2035 392 2084 loculos
403 2035 558 2098 tabulamque
569 2036 668 2084 lacerto.

86 2126 135 2173 Est
145 2123 241 2172 animus
252 2123 308 2184 tibi,
318 2131 377 2172 sunt
388 2137 479 2184 mores,
491 2131 529 2172 est
538 2124 623 2186 lingna
631 2123 751 2186 fidesque:

88 2213 138 2263 Sed
149 2212 330 2276 quadringentis
341 2227 384 2262 sex
396 2220 489 2274 septem
500 2212 579 2261 millia
589 2211 685 2275 desiut3

87 2303 161 2353 Plebs
173 2303 231 2350 eris.
264 2305 298 2351 At
309 2302 378 2365 pueri
390 2302 512 2363 ludentes,
524 2304 577 2350 Rex
588 2301 648 2361 eris,
658 2301 738 2360 munt,

73 2391 115 2562 Ei
128 2399 195 2439 recte
206 2390 288 2439 iacies.
323 2392 374 2438 Hic
387 2403 472 2438 murus
483 2391 590 2438 aheneus
601 2396 665 2448 esto,

114 2482 133 2529 rl
144 2480 255 2528 conscire
266 2479 323 2540 sibi,
335 2480 404 2528 nulla
414 2479 546 2551 mllesoere
556 2479 636 2546 eulpa.

87 2568 187 2629 Roscia,
199 2568 239 2617 dic
249 2568 330 2628 sodes,
342 2567 430 2617 melior
440 2568 492 2627 lex,
505 2581 536 2615 an
548 2581 680 2629 puerorum
689 2574 728 2615 est

88 2657 188 2716 Naenia,
200 2671 253 2719 quae
265 2671 368 2717 regnum
379 2663 444 2704 recte
454 2655 599 2704 facientibus
608 2656 690 2715 offert,

87 2747 121 2795 Et
133 2744 241 2793 muribus
254 2743 335 2793 Curiis
346 2751 371 2792 et
382 2743 509 2792 decantata
521 2741 651 2792 Camillis?

87 2835 146 2882 lsne
158 2832 203 2882 tibi
214 2832 302 2880 melius
313 2831 408 2891 suadet,
420 2832 472 2894 qui,
483 2845 535 2879 rem
546 2829 636 2893 ἠοίης
654 2843 717 2891 rens,

87 2921 115 2973 Si
127 2920 205 2985 possis
217 2929 298 2984 recte3
316 2921 337 2969 si
349 2935 410 2980 non,
422 2935 567 2984 quocunque
578 2919 652 2969 modo
662 2935 732 2984 rem;

87 3013 126 3062 Ut
136 3009 235 3074 propius
247 3017 339 3073 spectes
350 3009 481 3059 lacrimosa
491 3007 607 3073 poemata
617 3007 692 3073 Pupi:

88 3102 129 3150 An
140 3098 193 3162 qui,
205 3099 311 3149 fortunar
321 3107 346 3148 te
357 3113 501 3163 responsare
512 3100 621 3162 superbe
