2192 3742
367 506 561 559 SERMONUM
579 507 642 556 ΜΒ.
659 508 693 558 ll.
709 507 759 558 viii.
909 510 955 558 2⁶1

151 637 182 685 In
193 633 302 700 patinam
314 635 402 696 fecere,
413 634 535 685 trahentia
545 636 652 698 pulveris
663 637 712 687 atri

152 729 278 780 Quantum
291 741 341 775 non
352 725 443 788 Aquilo
456 726 587 790 Campanis
598 726 688 776 excitat
697 726 770 789 anu.

152 816 207 864 Nos
219 817 297 876 majus
307 813 389 876 veriti,
401 822 530 878 postquam
542 815 605 867 nihil
616 829 670 864 esse
680 815 764 880 pericli
819 804 821 807 ¹

154 903 294 965 Sensimus,
305 903 429 965 erigimur.
450 915 452 920 ·
463 905 553 965 Rufus,
563 904 644 968 posito
654 905 741 968 eapite,
753 912 781 954 ut
790 905 812 954 si

152 991 231 1041 Filius
242 991 387 1042 immaturus
397 991 499 1053 obisset,
511 993 578 1044 dere.
611 993 673 1048 Quis
683 1002 748 1044 esset

152 1080 232 1141 Finis,
245 1080 272 1129 ni
283 1080 378 1144 sapiens
390 1081 426 1130 sic
438 1081 608 1132 Nomentanus
620 1081 724 1132 amicum

152 1170 279 1233 Tollerot3
297 1171 363 1230 Heu,
374 1171 498 1220 Fortuna!
517 1170 572 1231 quis
582 1177 620 1220 est
629 1171 751 1220 crudelior
761 1170 787 1220 in
799 1185 844 1220 nos

116 1249 118 1254 ’
153 1259 191 1306 Te
202 1259 268 1306 Deus
278 1259 287 1306 ἓ
306 1265 335 1307 ut
346 1272 453 1320 semper,
464 1257 554 1319 gaudes
565 1257 669 1307 illudere
680 1260 751 1308 rebus
770 1278 775 1289 ·

154 1346 276 1396 Humanis
287 1350 294 1395 !
312 1348 400 1396 Varius
412 1361 499 1410 mappa
513 1361 666 1410 compescere
676 1347 754 1397 risum

151 1433 202 1483 Vix
212 1441 316 1497 poterat.
350 1436 450 1485 Balatro
461 1435 612 1498 suspendens
623 1436 708 1486 omnia
718 1451 789 1498 naso,

155 1525 214 1573 Haec
225 1531 264 1572 est
273 1524 381 1573 conditio
392 1524 498 1586 vivendi,
510 1525 607 1587 aiebat3
624 1534 702 1588 warte

152 1613 310 1676 Responsura
321 1620 363 1662 tuo
376 1626 502 1676 nunquam
512 1621 550 1664 est
560 1629 604 1678 par
615 1616 681 1667 tama
691 1614 778 1664 labori.

152 1702 231 1762 Tene,
246 1708 273 1749 ut
283 1716 328 1762 ego
340 1701 443 1764 accipiar
453 1703 531 1762 laute,
541 1703 678 1764 torquerier
689 1704 757 1752 omni

154 1787 316 1837 solicitudine
328 1788 484 1837 districtum?
503 1804 534 1838 ne
545 1790 615 1853 panis
626 1789 746 1853 adustus,-

156 1879 195 1927 Ne
207 1879 272 1926 male
282 1877 408 1926 conditum
417 1880 458 1938 J'us
470 1881 623 1941 apponatur?
644 1886 670 1928 ut
681 1894 766 1928 omues

155 1967 284 2016 Praeciucti
296 1975 361 2016 recte
371 1967 441 2030 pueri
452 1968 575 2030 comtique
585 1967 725 2017 ministrent
735 1971 746 2016 ἓ

154 2055 225 2105 Adde
235 2054 282 2104 hos
294 2065 411 2118 praeterea
422 2069 491 2104 casus
502 2076 510 2118 3
528 2057 606 2104 aulaea
616 2066 689 2105 ruant
700 2056 732 2117 si,

155 2146 191 2194 Ut
203 2143 277 2192 modo
287 2163 295 2206 ς
313 2143 335 2192 si
346 2143 453 2207 patinam
465 2145 525 2207 pede
535 2146 618 2207 lapsus
630 2145 725 2205 iungat
735 2158 814 2206 agaso.

156 2233 206 2282 Sed
215 2231 388 2293 convivatoris,
400 2233 437 2281 uti
448 2233 526 2294 ducis,
538 2231 662 2292 ingenium
674 2247 712 2280 res

155 2322 270 2371 Adverso
282 2321 375 2370 nudare
386 2323 476 2383 solent,
489 2322 568 2370 celare
579 2319 697 2368 seeundae.

157 2407 303 2460 Nasidienus
315 2411 346 2460 ad
357 2411 422 2460 haec:
440 2410 496 2459 'libi
508 2409 551 2470 Di,
563 2423 712 2478 quacunque
722 2409 838 2472 preceris,

158 2499 296 2549 Commoda
307 2499 381 2561 dent;
400 2499 434 2548 ita
444 2499 481 2547 vir
492 2501 572 2547 bonus
583 2512 619 2558 es,
631 2497 777 2561 convivaque
791 2497 875 2547 comis.

156 2589 189 2636 Ει
204 2588 283 2636 soleas
294 2586 380 2650 poscit.
412 2589 477 2634 Turn
489 2585 514 2635 in
526 2587 590 2634 lecto
601 2600 697 2649 quoque
707 2586 800 2635 videres

157 2674 267 2725 Stridore
279 2682 371 2723 secreta
381 2673 470 2722 divisos
483 2689 541 2722 aure
553 2689 675 2724 susurros.

158 2764 274 2824 ilNullos
286 2763 324 2810 his
336 2763 435 2811 mallem
446 2762 518 2811 ludos
529 2772 663 2826 spectasse:
682 2762 724 2834 sod
734 2763 779 2812 illa

158 2849 251 2910 Redde,
263 2863 317 2910 age,
329 2863 382 2910 quae
393 2849 505 2911 deinceps
517 2849 601 2898 risisti.
635 2847 770 2904 illibidius
782 2851 841 2899 dum

157 2942 253 2998 Quaerit
263 2943 294 2992 de
305 2943 398 3005 pueris,
410 2957 469 2990 num
482 2942 515 2992 sit
525 2957 621 3004 quoque
633 2944 709 2992 fracta
719 2946 816 3006 lagena,

157 3032 232 3088 Quod
241 3031 288 3081 sibl
299 3031 408 3094 poscenti
420 3027 471 3080 non
483 3033 572 3080 dentrrr
583 3034 686 3096 pocrrla3
703 3035 810 3097 dumque

157 3119 261 3170 Ridetur
272 3119 334 3170 lictis
346 3134 439 3181 rerum,
451 3121 585 3170 Balatrone
595 3122 718 3185 seeundo;
