2192 3742
348 535 394 584 DE
411 534 499 583 ARTE
516 533 672 583 romeu.
860 536 908 581 333

112 667 188 714 Posse
198 661 297 712 linenda
306 661 390 723 cedro,
402 670 427 711 et
436 660 484 711 leri
495 661 612 710 servanda
622 662 757 723 cupresso?

110 755 162 802 Aut
172 751 287 815 prodesse
297 753 384 800 volunt
394 760 437 801 aut
447 752 567 800 delectare
578 749 669 813 poiitae,

111 842 163 889 Aut
175 839 248 888 simul
259 849 284 888 et
292 839 400 900 iucunda
411 847 435 888 et
447 838 534 888 idonea
545 838 626 888 dicere
637 837 701 887 vitae.

114 928 234 990 Quicquid
247 926 380 990 praecipies,
393 935 445 976 esto
457 926 554 989 brevis3
571 936 599 976 ut
609 927 658 976 cito
670 927 735 977 dicta

114 1016 253 1080 percipiant
263 1015 338 1064 animi
350 1015 451 1076 dociles,
461 1024 608 1077 teneantque
620 1015 718 1064 fideles:

116 1107 197 1157 Omne
209 1118 383 1168 supervacuum
393 1106 467 1167 pleno
479 1105 509 1154 de
519 1112 617 1167 pectore
627 1113 717 1153 manat

117 1195 186 1244 Picta
195 1193 326 1256 voluptatis
338 1205 419 1252 causa,
431 1193 480 1242 sint
491 1193 685 1256 proximaveris.

117 1285 180 1343 Nee,
191 1282 349 1344 quodeunque
359 1283 434 1342 volet,
446 1289 529 1342 poscat
540 1281 587 1330 sibi
598 1282 680 1330 tabula
687 1281 753 1329 credi

119 1374 175 1420 Neu
185 1385 280 1433 pransae
291 1370 381 1418 Lamiae
393 1369 473 1418 rivum
484 1384 587 1432 puerum
598 1370 710 1418 extrahat
721 1370 783 1417 alvo.

120 1459 243 1509 Centuriae
255 1457 379 1507 seniorum
391 1459 482 1518 agitant
492 1459 601 1521 expertia
611 1458 687 1520 frugis
697 1479 705 1520 3

121 1546 188 1598 Celsi
198 1554 345 1610 praetereunt
352 1555 450 1595 austera
459 1551 572 1608 poemata
583 1547 720 1596 Rhamnes:
803 1541 809 1550 '

121 1638 203 1687 Omne
212 1635 270 1684 tulit
278 1642 395 1697 puuctum
406 1635 448 1695 qui
459 1635 557 1683 miscuit
567 1634 627 1683 utile
638 1635 714 1694 dulci,

122 1727 249 1774 hectorem
261 1721 414 1781 delectando,
427 1721 564 1782 pariterque
575 1722 706 1770 mouendo.

124 1811 171 1860 Hic
183 1818 260 1860 rueret
270 1805 319 1859 nra
329 1810 391 1858 iiber
403 1809 478 1858 Sosiis
489 1829 497 1871 3
514 1809 555 1858 hic
566 1816 591 1857 et
601 1823 669 1858 mare
679 1809 777 1871 transit,

122 1903 156 1950 Et
166 1900 267 1960 longum
278 1905 337 1946 noto
349 1896 460 1959 scriptori
470 1905 585 1958 prorogat
595 1912 682 1946 aevum.

125 1991 189 2038 Sunt
199 1986 286 2036 delicta
296 1993 377 2034 tamen
390 1985 476 2047 quibus
488 1985 609 2046 ignovisse
619 1987 736 2035 velimuss

125 2077 191 2124 Nam
202 2087 280 2135 neque
290 2073 381 2121 chorda
387 2087 475 2121 sonum
482 2071 562 2121 reddit
567 2087 639 2134 quem
650 2075 703 2122 vult
713 2088 799 2122 manus
810 2081 835 2123 et
842 2088 920 2134 meus,

125 2162 285 2226 Poscentique
296 2175 394 2222 gravem
406 2175 513 2224 persaepe
524 2161 627 2212 remittit
638 2170 751 2223 neutrum3

128 2255 181 2302 Nec
190 2265 284 2313 semper
295 2249 366 2298 feriet
377 2250 535 2311 quodcunque
546 2250 678 2299 minabitur
689 2263 768 2299 arcus.

127 2343 220 2390 verum
231 2338 273 2386 ubi
285 2339 356 2400 plura
366 2337 444 2386 nitent
455 2338 480 2386 in
491 2339 608 2399 carmine,
619 2354 669 2388 uon
680 2353 724 2400 ego
734 2337 816 2401 paucis

130 2427 246 2479 Offendor
258 2426 369 2486 maculis,
382 2439 440 2486 quas
451 2433 494 2474 aut
504 2407 598 2478 incuria
609 2427 682 2487 fudit,

128 2519 180 2567 Aut
189 2517 296 2564 humana
305 2528 391 2576 parum
402 2514 465 2563 cavit
475 2521 570 2563 natura
603 2515 668 2569 Quid
679 2530 736 2576 ergo
746 2518 802 2564 est?

130 2607 166 2656 Ut
177 2604 279 2666 scriptor
290 2603 312 2651 si
322 2610 403 2664 peccat
413 2603 478 2652 idern
489 2603 602 2668 HDLaQ
615 2618 701 2664 usque,

131 2691 247 2748 Quamvis
259 2697 296 2738 est
307 2690 424 2748 moninus,
436 2691 506 2738 venia
516 2699 599 2752 caret3
617 2698 642 2739 ct
651 2691 798 2741 citharoedus

132 2780 243 2839 Ridetur,
256 2775 347 2826 chorda
357 2776 398 2836 qui
409 2791 502 2839 semper
514 2780 611 2827 oberrat
621 2780 720 2828 eadem:

133 2869 174 2919 Sic
182 2867 254 2927 mihi,
267 2867 308 2928 qui
319 2866 423 2914 multum
434 2874 521 2926 emeat,
533 2868 562 2916 tit
574 2868 696 2917 Choerilus
707 2869 759 2929 ille,

134 2961 213 3012 Quem
224 2955 261 3004 bis
272 2963 356 3017 terque
367 2955 469 3014 bonurn,
481 2969 537 3003 cum
548 2957 600 3009 risu
610 2958 703 3019 miror,
720 2967 745 3007 et
755 2959 820 3008 idem

135 3045 261 3108 indignor,
272 3043 414 3106 quaudoque
425 3045 503 3094 bouus
514 3044 630 3094 dormitat
642 3048 782 3095 Homerus?
