2192 3742
288 513 526 565 EPIS'POLARUM
543 513 606 562 LIB.
619 511 717 561 humili.
849 511 900 563 297

97 641 299 705 Continuitlyra„
328 641 565 694 unumunurm
576 647 675 705 putaun
724 661 728 667 ·

95 731 211 798 Moribus
223 731 360 795 Amphion:
378 731 470 780 tuende
481 731 588 794 potentis
597 730 671 780 amici

96 819 204 868 Lenibus
215 819 340 882 imperiis;
358 819 500 881 quotiesque
509 819 595 869 educet
605 818 631 868 iu
643 831 713 879 agros

95 906 188 956 AEtolis
198 914 300 956 onerata
310 907 387 968 plagis
395 909 507 968 iumenta
517 921 647 970 eoumque,

95 997 184 1056 Surge,
196 1003 221 1044 et
231 994 371 1047 inhumanae
380 995 477 1045 ,mnium
489 997 728 1058 deponeremus,

97 1086 188 1134 Coenes
198 1092 227 1138 ut
238 1084 329 1146 pariter
339 1085 465 1146 pulmenta
474 1085 599 1134 laboribus
610 1093 676 1134 emta
682 1104 691 1146 ς

95 1171 214 1222 Βοωιιιιίε
225 1173 327 1222 solenne
338 1173 396 1222 viris
408 1188 479 1236 opus,
491 1173 553 1222 utile
563 1175 635 1224 omae

92 1261 204 1324 Vitaeque
215 1269 241 1312 et
250 1263 383 1324 membris3
400 1263 535 1326 praesertim
546 1266 705 1326 cumralsas,
716 1273 743 1312 et

93 1351 140 1398 Vel
152 1365 225 1399 cursu
237 1365 350 1414 superare
361 1366 446 1400 mnam
457 1353 495 1400 vel
507 1351 599 1402 viribus
609 1366 696 1416 aprum

94 1437 192 1488 Possis:
210 1440 281 1500 adde,
291 1441 371 1488 virilia
382 1440 448 1502 quod
458 1440 590 1503 speciosius
601 1454 670 1491 arma

94 1531 154 1578 Nou
164 1536 202 1578 est
213 1529 254 1590 qui
265 1537 366 1598 traetet3
383 1529 430 1578 scis
441 1545 489 1592 quo
500 1531 608 1580 clarnore
618 1544 716 1580 eorouae

94 1617 187 1666 Proelia
198 1599 317 1667 sustineas
328 1619 485 1680 campestria:
503 1619 607 1681 denique
616 1632 706 1668 saevsm

93 1705 212 1754 Militiam
223 1721 284 1768 puer
296 1714 321 1754 et
333 1706 476 1755 Cantabrica
487 1707 552 1754 bella
563 1706 641 1754 tulisti

93 1795 147 1844 Sub
157 1794 228 1854 doce,
240 1795 281 1856 qui
292 1794 390 1857 templis
401 1795 548 1842 Parthorum
558 1795 629 1855 signa
637 1795 717 1855 refigit

93 1885 179 1942 Nunc,
190 1884 246 1932 etsi
258 1883 316 1945 quid
327 1884 404 1942 abest,
417 1883 484 1932 italis
496 1883 616 1944 adiudimt
625 1883 709 1934 armis.

90 1975 129 2021 Ac
141 1987 172 2022 ue
184 1980 209 2021 to
220 1973 330 2022 retrahas
341 1979 366 2020 et
376 1971 547 2022 inexcusabilis
559 1975 650 2033 absus,

91 2061 210 2116 Qamvis
223 2061 258 2109 nil
270 2070 340 2111 extra
351 2076 480 2110 numerum
491 2062 578 2112 fecisse
589 2061 737 2123 modumque

92 2149 182 2206 (iuras,
194 2145 317 2194 interdum
329 2146 427 2206 nugaris
439 2161 496 2194 rure
507 2154 622 2209 paterno:

90 2233 201 2284 Partitur
211 2233 299 2282 lintres
310 2233 447 2295 exercitum
464 2235 535 2282 Actia
545 2247 627 2295 pugna

89 2324 128 2371 Te
139 2322 200 2370 duce
211 2336 255 2384 per
265 2336 353 2384 pueros
364 2321 449 2370 hostili
460 2335 529 2370 more
539 2317 660 2383 reier‘arr3

89 2410 252 2459 Adversarius
263 2418 301 2458 est
311 2411 402 2471 irater3
419 2411 496 2469 laeto,
507 2410 598 2470 Adria3
616 2394 694 2459 donoc
761 2455 763 2458 .

89 2499 246 2547 Alterutrum
258 2499 330 2546 velox
340 2497 441 2546 victoria
452 2497 538 2546 fronde
549 2505 659 2546 coronet.

92 2587 240 2637 Consentire
252 2587 303 2635 ouis
315 2586 400 2634 studiis
413 2586 454 2647 qui
465 2586 640 2647 crediderim,

91 2677 184 2725 Fautor
195 2683 300 2736 utroque
311 2683 381 2734 urum
388 2675 497 2724 laudabit
504 2677 592 2738 pollice
603 2677 697 2726 ludum.

89 2764 208 2814 Protinus
218 2773 248 2814 ut
258 2778 371 2813 moneam
387 2765 418 2828 (si
429 2764 486 2826 quid
497 2764 627 2814 monitoris
637 2779 692 2827 eges
703 2765 741 2827 tu)

91 2853 169 2914 Quid,
182 2853 212 2902 de
224 2868 319 2916 quoquo
330 2853 394 2913 viro,
406 2860 431 2900 et
442 2852 481 2902 eui
493 2853 573 2914 dieas„
581 2867 644 2917 saepe
654 2854 744 2904 videto.

91 2945 294 2992 Percontatorem
306 2943 396 3003 digito:
415 2956 472 2990 nam
483 2943 594 3002 garrulus
605 2941 670 2992 idem
680 2953 735 3005 αις

90 3033 145 3082 Noc
155 3030 264 3080 retinent
274 3033 363 3093 pausiae
374 3031 505 3082 commissa
515 3031 619 3080 fideliter
630 3041 718 3093 sures-3

89 3122 124 3170 Et
135 3120 211 3170 semel
223 3119 340 3172 emissum
350 3121 417 3170 volat
428 3119 585 3173 irrevocabile
594 3121 703 3191 verbum.
