<?xml version="1.0" encoding="UTF-8"?>
<!DOCTYPE html PUBLIC "-//W3C//DTD XHTML 1.0 Transitional//EN"
    "http://www.w3.org/TR/xhtml1/DTD/xhtml1-transitional.dtd">
<html xmlns="http://www.w3.org/1999/xhtml" xml:lang="en" lang="en">
 <head>
  <title>
</title>
<meta http-equiv="Content-Type" content="text/html;charset=utf-8" />
  <meta name='ocr-system' content='tesseract 3.04.00' />
  <meta name='ocr-capabilities' content='ocr_page ocr_carea ocr_par ocr_line ocrx_word'/>
</head>
<body>
  <div class='ocr_page' id='page_1' title='image "./opera01gesngoog_0149.png"; bbox 0 0 2192 3742; ppageno 0'>
   <div class='ocr_carea' id='block_1_1' title="bbox 308 472 906 524">
    <p class='ocr_par' dir='ltr' id='par_1_1' title="bbox 308 472 906 524">
     <span class='ocr_line' id='line_1_1' title="bbox 308 472 906 524; baseline 0 -1"><span class='ocrx_word' id='word_1_1' title='bbox 308 474 494 524; x_wconf 79' lang='lat' dir='ltr'><strong>CARMINUM</strong></span> <span class='ocrx_word' id='word_1_2' title='bbox 511 474 574 523; x_wconf 77' lang='lat' dir='ltr'>nin.</span> <span class='ocrx_word' id='word_1_3' title='bbox 591 473 633 521; x_wconf 90' lang='lat' dir='ltr'>1v.</span> <span class='ocrx_word' id='word_1_4' title='bbox 644 472 695 521; x_wconf 84' lang='lat' dir='ltr'>viii.</span> <span class='ocrx_word' id='word_1_5' title='bbox 861 475 906 523; x_wconf 89' lang='grc'>137</span> 
     </span>
    </p>
   </div>
   <div class='ocr_carea' id='block_1_2' title="bbox 164 600 823 1270">
    <p class='ocr_par' dir='ltr' id='par_1_2' title="bbox 166 600 802 751">
     <span class='ocr_line' id='line_1_2' title="bbox 166 600 802 664; baseline 0 -13"><span class='ocrx_word' id='word_1_6' title='bbox 166 604 231 652; x_wconf 81' lang='lat' dir='ltr'>curn</span> <span class='ocrx_word' id='word_1_7' title='bbox 243 602 319 650; x_wconf 86' lang='lat' dir='ltr'>semel</span> <span class='ocrx_word' id='word_1_8' title='bbox 330 601 457 662; x_wconf 86' lang='lat' dir='ltr'>oocideris,</span> <span class='ocrx_word' id='word_1_9' title='bbox 469 609 495 650; x_wconf 84' lang='lat' dir='ltr'>et</span> <span class='ocrx_word' id='word_1_10' title='bbox 504 600 535 651; x_wconf 65' lang='grc' dir='ltr'>ὼ</span> <span class='ocrx_word' id='word_1_11' title='bbox 545 608 571 649; x_wconf 88' lang='lat' dir='ltr'>te</span> <span class='ocrx_word' id='word_1_12' title='bbox 582 600 708 664; x_wconf 85' lang='lat' dir='ltr'>splendida</span> <span class='ocrx_word' id='word_1_13' title='bbox 719 600 802 651; x_wconf 89' lang='lat' dir='ltr'>Minos</span> 
     </span>
     <span class='ocr_line' id='line_1_3' title="bbox 231 689 656 751; baseline -0.005 -12"><span class='ocrx_word' id='word_1_14' title='bbox 231 689 325 739; x_wconf 79' lang='lat' dir='ltr'>l&#39;eoerit</span> <span class='ocrx_word' id='word_1_15' title='bbox 334 689 451 751; x_wconf 76' lang='lat' dir='ltr'>arbitria3</span> <span class='ocrx_word' id='word_1_16' title='bbox 651 692 656 705; x_wconf 92' lang='lat'>&#39;</span> 
     </span>
    </p>

    <p class='ocr_par' dir='ltr' id='par_1_3' title="bbox 164 778 812 928">
     <span class='ocr_line' id='line_1_4' title="bbox 164 778 812 840; baseline 0.005 -14"><span class='ocrx_word' id='word_1_17' title='bbox 164 780 235 838; x_wconf 91' lang='lat' dir='ltr'>Non,</span> <span class='ocrx_word' id='word_1_18' title='bbox 246 779 380 840; x_wconf 78' lang='lat' dir='ltr'><strong>Torquate,</strong></span> <span class='ocrx_word' id='word_1_19' title='bbox 391 791 478 839; x_wconf 76' lang='lat' dir='ltr'>genus,</span> <span class='ocrx_word' id='word_1_20' title='bbox 490 792 541 827; x_wconf 88' lang='lat' dir='ltr'>non</span> <span class='ocrx_word' id='word_1_21' title='bbox 554 786 579 829; x_wconf 85' lang='lat' dir='ltr'>te</span> <span class='ocrx_word' id='word_1_22' title='bbox 590 778 713 839; x_wconf 78' lang='lat' dir='ltr'>facundia,</span> <span class='ocrx_word' id='word_1_23' title='bbox 726 794 777 829; x_wconf 87' lang='lat' dir='ltr'>non</span> <span class='ocrx_word' id='word_1_24' title='bbox 788 788 812 829; x_wconf 78' lang='lat' dir='ltr'>te</span> 
     </span>
     <span class='ocr_line' id='line_1_5' title="bbox 230 865 446 928; baseline 0 -15"><span class='ocrx_word' id='word_1_25' title='bbox 230 865 350 914; x_wconf 68' lang='lat' dir='ltr'>Bestiam</span> <span class='ocrx_word' id='word_1_26' title='bbox 361 865 446 928; x_wconf 82' lang='lat' dir='ltr'>pistus.</span> 
     </span>
    </p>

    <p class='ocr_par' dir='ltr' id='par_1_4' title="bbox 166 952 777 1111">
     <span class='ocr_line' id='line_1_6' title="bbox 166 952 777 1017; baseline 0.002 -15"><span class='ocrx_word' id='word_1_27' title='bbox 166 953 273 1002; x_wconf 82' lang='lat' dir='ltr'>infernis</span> <span class='ocrx_word' id='word_1_28' title='bbox 285 968 363 1014; x_wconf 90' lang='lat' dir='ltr'>neque</span> <span class='ocrx_word' id='word_1_29' title='bbox 374 953 441 1001; x_wconf 89' lang='lat' dir='ltr'>enim</span> <span class='ocrx_word' id='word_1_30' title='bbox 452 952 559 1003; x_wconf 86' lang='lat' dir='ltr'>tenebris</span> <span class='ocrx_word' id='word_1_31' title='bbox 571 953 650 1003; x_wconf 87' lang='lat' dir='ltr'>Diana</span> <span class='ocrx_word' id='word_1_32' title='bbox 662 954 777 1017; x_wconf 85' lang='lat' dir='ltr'>pudicum</span> 
     </span>
     <span class='ocr_line' id='line_1_7' title="bbox 232 1043 516 1111; baseline -0.007 -20"><span class='ocrx_word' id='word_1_33' title='bbox 232 1043 328 1111; x_wconf 76' lang='lat' dir='ltr'>Liberat</span> <span class='ocrx_word' id='word_1_34' title='bbox 340 1043 516 1105; x_wconf 66' lang='lat' dir='ltr'>Hippolytum</span> 
     </span>
    </p>

    <p class='ocr_par' dir='ltr' id='par_1_5' title="bbox 172 1132 823 1270">
     <span class='ocr_line' id='line_1_8' title="bbox 172 1132 823 1195; baseline -0.008 -12"><span class='ocrx_word' id='word_1_35' title='bbox 172 1137 224 1183; x_wconf 88' lang='lat' dir='ltr'>Nec</span> <span class='ocrx_word' id='word_1_36' title='bbox 235 1133 333 1181; x_wconf 73' lang='lat' dir='ltr'>Lethea</span> <span class='ocrx_word' id='word_1_37' title='bbox 342 1133 407 1180; x_wconf 82' lang='lat' dir='ltr'>ualet</span> <span class='ocrx_word' id='word_1_38' title='bbox 417 1132 526 1180; x_wconf 78' lang='lat' dir='ltr'>Theseus</span> <span class='ocrx_word' id='word_1_39' title='bbox 538 1132 682 1194; x_wconf 84' lang='lat' dir='ltr'>abrumpere</span> <span class='ocrx_word' id='word_1_40' title='bbox 692 1144 749 1179; x_wconf 82' lang='lat' dir='ltr'>earo</span> <span class='ocrx_word' id='word_1_41' title='bbox 821 1189 823 1195; x_wconf 69' lang='lat'>,</span> 
     </span>
     <span class='ocr_line' id='line_1_9' title="bbox 229 1220 463 1270; baseline -0.009 0"><span class='ocrx_word' id='word_1_42' title='bbox 229 1220 333 1270; x_wconf 78' lang='lat' dir='ltr'><strong>Vincula</strong></span> <span class='ocrx_word' id='word_1_43' title='bbox 344 1220 463 1269; x_wconf 84' lang='lat' dir='ltr'><strong>Pirithoo.</strong></span> 
     </span>
    </p>
   </div>
   <div class='ocr_carea' id='block_1_3' title="bbox 427 1448 582 1500">
    <p class='ocr_par' dir='ltr' id='par_1_6' title="bbox 427 1448 582 1500">
     <span class='ocr_line' id='line_1_10' title="bbox 427 1448 582 1500; baseline -0.019 0"><span class='ocrx_word' id='word_1_44' title='bbox 427 1449 496 1500; x_wconf 89' lang='lat' dir='ltr'>ODE</span> <span class='ocrx_word' id='word_1_45' title='bbox 512 1448 582 1497; x_wconf 91' lang='lat' dir='ltr'>vl11.</span> 
     </span>
    </p>
   </div>
   <div class='ocr_carea' id='block_1_4' title="bbox 265 1600 712 1645">
    <p class='ocr_par' dir='ltr' id='par_1_7' title="bbox 265 1600 712 1645">
     <span class='ocr_line' id='line_1_11' title="bbox 265 1600 712 1645; baseline 0 -8"><span class='ocrx_word' id='word_1_46' title='bbox 265 1636 271 1645; x_wconf 75' lang='grc'><em>,</em></span> <span class='ocrx_word' id='word_1_47' title='bbox 295 1603 330 1637; x_wconf 80' lang='grc' dir='ltr'>ΑΙ)</span> <span class='ocrx_word' id='word_1_48' title='bbox 347 1603 372 1639; x_wconf 81' lang='lat' dir='ltr'>c.</span> <span class='ocrx_word' id='word_1_49' title='bbox 389 1601 513 1637; x_wconf 71' lang='lat' dir='ltr'>mnrium</span> <span class='ocrx_word' id='word_1_50' title='bbox 531 1600 712 1637; x_wconf 70' lang='lat' dir='ltr'>CENSORlNUM.</span> 
     </span>
    </p>
   </div>
   <div class='ocr_carea' id='block_1_5' title="bbox 193 1733 728 1883">
    <p class='ocr_par' dir='ltr' id='par_1_8' title="bbox 193 1733 728 1883">
     <span class='ocr_line' id='line_1_12' title="bbox 193 1733 728 1808; baseline -0.006 -25"><span class='ocrx_word' id='word_1_51' title='bbox 193 1736 331 1808; x_wconf 58' lang='lat' dir='ltr'>‘Dossenni</span> <span class='ocrx_word' id='word_1_52' title='bbox 343 1741 440 1797; x_wconf 69' lang='lat' dir='ltr'>pateras</span> <span class='ocrx_word' id='word_1_53' title='bbox 450 1741 565 1795; x_wconf 73' lang='lat' dir='ltr'>grataque</span> <span class='ocrx_word' id='word_1_54' title='bbox 575 1733 728 1797; x_wconf 85' lang='lat' dir='ltr'>commodus,</span> 
     </span>
     <span class='ocr_line' id='line_1_13' title="bbox 198 1822 620 1883; baseline -0.007 -11"><span class='ocrx_word' id='word_1_55' title='bbox 198 1822 343 1883; x_wconf 75' lang='lat' dir='ltr'>Censoriae,</span> <span class='ocrx_word' id='word_1_56' title='bbox 354 1822 415 1871; x_wconf 89' lang='lat' dir='ltr'>meis</span> <span class='ocrx_word' id='word_1_57' title='bbox 426 1836 475 1870; x_wconf 80' lang='lat' dir='ltr'>aera</span> <span class='ocrx_word' id='word_1_58' title='bbox 486 1822 620 1871; x_wconf 76' lang='lat' dir='ltr'>sodalibus:</span> 
     </span>
    </p>
   </div>
   <div class='ocr_carea' id='block_1_6' title="bbox 188 1911 789 3125">
    <p class='ocr_par' dir='ltr' id='par_1_9' title="bbox 188 1911 739 2147">
     <span class='ocr_line' id='line_1_14' title="bbox 198 1911 679 1974; baseline 0 -15"><span class='ocrx_word' id='word_1_59' title='bbox 198 1913 323 1959; x_wconf 82' lang='lat' dir='ltr'>Donarem</span> <span class='ocrx_word' id='word_1_60' title='bbox 334 1911 453 1974; x_wconf 79' lang='lat' dir='ltr'>tripodas,</span> <span class='ocrx_word' id='word_1_61' title='bbox 465 1911 567 1973; x_wconf 74' lang='lat' dir='ltr'>praemia</span> <span class='ocrx_word' id='word_1_62' title='bbox 577 1911 679 1959; x_wconf 83' lang='lat' dir='ltr'>fortium</span> 
     </span>
     <span class='ocr_line' id='line_1_15' title="bbox 188 1978 739 2062; baseline 0.002 -15"><span class='ocrx_word' id='word_1_63' title='bbox 188 2000 347 2061; x_wconf 64' lang='lat' dir='ltr'>&#39;Graiorum</span> <span class='ocrx_word' id='word_1_64' title='bbox 364 2014 442 2061; x_wconf 86' lang='lat' dir='ltr'>neque</span> <span class='ocrx_word' id='word_1_65' title='bbox 453 2007 480 2047; x_wconf 82' lang='lat' dir='ltr'>tu</span> <span class='ocrx_word' id='word_1_66' title='bbox 491 1999 598 2062; x_wconf 76' lang='lat' dir='ltr'>pessima</span> <span class='ocrx_word' id='word_1_67' title='bbox 610 1978 739 2048; x_wconf 62' lang='lat' dir='ltr'>munerum</span> 
     </span>
     <span class='ocr_line' id='line_1_16' title="bbox 195 2085 644 2147; baseline 0 -11"><span class='ocrx_word' id='word_1_68' title='bbox 195 2088 293 2147; x_wconf 83' lang='lat' dir='ltr'>Ferres,</span> <span class='ocrx_word' id='word_1_69' title='bbox 305 2085 378 2135; x_wconf 69' lang='lat' dir='ltr'>divide</span> <span class='ocrx_word' id='word_1_70' title='bbox 389 2102 429 2135; x_wconf 90' lang='lat' dir='ltr'>me</span> <span class='ocrx_word' id='word_1_71' title='bbox 440 2087 532 2136; x_wconf 80' lang='lat' dir='ltr'>seilioet</span> <span class='ocrx_word' id='word_1_72' title='bbox 543 2087 644 2147; x_wconf 79' lang='lat' dir='ltr'>artium,</span> 
     </span>
    </p>

    <p class='ocr_par' dir='ltr' id='par_1_10' title="bbox 195 2155 769 2328">
     <span class='ocr_line' id='line_1_17' title="bbox 196 2155 769 2238; baseline 0.003 -15"><span class='ocrx_word' id='word_1_73' title='bbox 196 2177 262 2230; x_wconf 82' lang='lat' dir='ltr'>Quos</span> <span class='ocrx_word' id='word_1_74' title='bbox 274 2182 317 2223; x_wconf 82' lang='lat' dir='ltr'>aut</span> <span class='ocrx_word' id='word_1_75' title='bbox 328 2155 471 2224; x_wconf 79' lang='lat' dir='ltr'>Parrhasius</span> <span class='ocrx_word' id='word_1_76' title='bbox 483 2176 597 2238; x_wconf 66' lang='lat' dir='ltr'>prosilit,</span> <span class='ocrx_word' id='word_1_77' title='bbox 609 2184 651 2224; x_wconf 86' lang='lat' dir='ltr'>aut</span> <span class='ocrx_word' id='word_1_78' title='bbox 662 2177 769 2238; x_wconf 86' lang='lat' dir='ltr'>Soopas;</span> 
     </span>
     <span class='ocr_line' id='line_1_18' title="bbox 195 2263 660 2328; baseline -0.004 -14"><span class='ocrx_word' id='word_1_79' title='bbox 195 2265 242 2314; x_wconf 84' lang='lat' dir='ltr'>llio</span> <span class='ocrx_word' id='word_1_80' title='bbox 253 2279 324 2325; x_wconf 83' lang='lat' dir='ltr'>saxo,</span> <span class='ocrx_word' id='word_1_81' title='bbox 336 2266 435 2328; x_wconf 86' lang='lat' dir='ltr'>liquidis</span> <span class='ocrx_word' id='word_1_82' title='bbox 446 2264 489 2314; x_wconf 93' lang='lat' dir='ltr'>ille</span> <span class='ocrx_word' id='word_1_83' title='bbox 500 2264 623 2314; x_wconf 86' lang='lat' dir='ltr'>coloribus</span> <span class='ocrx_word' id='word_1_84' title='bbox 656 2263 660 2268; x_wconf 84' lang='grc'><em>’</em></span> 
     </span>
    </p>

    <p class='ocr_par' dir='ltr' id='par_1_11' title="bbox 193 2348 789 2770">
     <span class='ocr_line' id='line_1_19' title="bbox 197 2348 789 2414; baseline -0.002 -12"><span class='ocrx_word' id='word_1_85' title='bbox 197 2353 292 2402; x_wconf 85' lang='lat' dir='ltr'>Sollers</span> <span class='ocrx_word' id='word_1_86' title='bbox 304 2367 370 2401; x_wconf 89' lang='lat' dir='ltr'>nuno</span> <span class='ocrx_word' id='word_1_87' title='bbox 381 2352 507 2401; x_wconf 82' lang='lat' dir='ltr'>hominem</span> <span class='ocrx_word' id='word_1_88' title='bbox 517 2366 619 2414; x_wconf 85' lang='lat' dir='ltr'>ponere,</span> <span class='ocrx_word' id='word_1_89' title='bbox 632 2348 697 2401; x_wconf 83' lang='lat' dir='ltr'>nune</span> <span class='ocrx_word' id='word_1_90' title='bbox 708 2352 789 2401; x_wconf 87' lang='lat' dir='ltr'>deum.</span> 
     </span>
     <span class='ocr_line' id='line_1_20' title="bbox 194 2440 721 2491; baseline -0.006 0"><span class='ocrx_word' id='word_1_91' title='bbox 194 2442 243 2491; x_wconf 83' lang='lat' dir='ltr'>Sed</span> <span class='ocrx_word' id='word_1_92' title='bbox 253 2456 304 2490; x_wconf 90' lang='lat' dir='ltr'>non</span> <span class='ocrx_word' id='word_1_93' title='bbox 315 2441 439 2490; x_wconf 72' lang='lat' dir='ltr'>hleomihi</span> <span class='ocrx_word' id='word_1_94' title='bbox 450 2441 504 2489; x_wconf 82' lang='lat' dir='ltr'>vis:</span> <span class='ocrx_word' id='word_1_95' title='bbox 521 2454 567 2489; x_wconf 86' lang='lat' dir='ltr'>noc</span> <span class='ocrx_word' id='word_1_96' title='bbox 578 2440 622 2489; x_wconf 79' lang='lat' dir='ltr'>sibi</span> <span class='ocrx_word' id='word_1_97' title='bbox 634 2440 721 2489; x_wconf 81' lang='lat' dir='ltr'>talium</span> 
     </span>
     <span class='ocr_line' id='line_1_21' title="bbox 193 2528 697 2590; baseline -0.004 -11"><span class='ocrx_word' id='word_1_98' title='bbox 193 2531 290 2579; x_wconf 74' lang='lat' dir='ltr'>Resesr</span> <span class='ocrx_word' id='word_1_99' title='bbox 301 2537 343 2579; x_wconf 81' lang='lat' dir='ltr'>aut</span> <span class='ocrx_word' id='word_1_100' title='bbox 354 2530 450 2578; x_wconf 83' lang='lat' dir='ltr'>unimus</span> <span class='ocrx_word' id='word_1_101' title='bbox 462 2528 605 2578; x_wconf 79' lang='lat' dir='ltr'>deliciarum</span> <span class='ocrx_word' id='word_1_102' title='bbox 616 2542 697 2590; x_wconf 78' lang='lat' dir='ltr'>egens.</span> 
     </span>
     <span class='ocr_line' id='line_1_22' title="bbox 193 2617 730 2679; baseline -0.006 -12"><span class='ocrx_word' id='word_1_103' title='bbox 193 2618 289 2667; x_wconf 79' lang='lat' dir='ltr'>Gaudes</span> <span class='ocrx_word' id='word_1_104' title='bbox 300 2618 464 2667; x_wconf 82' lang='lat' dir='ltr'>oarminibus:</span> <span class='ocrx_word' id='word_1_105' title='bbox 481 2617 591 2666; x_wconf 72' lang='lat' dir='ltr'>mina</span> <span class='ocrx_word' id='word_1_106' title='bbox 601 2630 730 2679; x_wconf 87' lang='lat' dir='ltr'>possumus</span> 
     </span>
     <span class='ocr_line' id='line_1_23' title="bbox 193 2706 675 2770; baseline -0.002 -14"><span class='ocrx_word' id='word_1_107' title='bbox 193 2709 301 2767; x_wconf 86' lang='lat' dir='ltr'>Donare,</span> <span class='ocrx_word' id='word_1_108' title='bbox 313 2715 338 2755; x_wconf 84' lang='lat' dir='ltr'>et</span> <span class='ocrx_word' id='word_1_109' title='bbox 348 2707 454 2770; x_wconf 87' lang='lat' dir='ltr'>pretium</span> <span class='ocrx_word' id='word_1_110' title='bbox 467 2706 546 2756; x_wconf 84' lang='lat' dir='ltr'>dioere</span> <span class='ocrx_word' id='word_1_111' title='bbox 558 2706 675 2755; x_wconf 88' lang='lat' dir='ltr'>muneris.</span> 
     </span>
    </p>

    <p class='ocr_par' dir='ltr' id='par_1_12' title="bbox 193 2793 677 2856">
     <span class='ocr_line' id='line_1_24' title="bbox 193 2793 677 2856; baseline -0.004 -13"><span class='ocrx_word' id='word_1_112' title='bbox 193 2796 250 2843; x_wconf 90' lang='lat' dir='ltr'>Non</span> <span class='ocrx_word' id='word_1_113' title='bbox 263 2795 340 2844; x_wconf 86' lang='lat' dir='ltr'>incisa</span> <span class='ocrx_word' id='word_1_114' title='bbox 351 2795 416 2845; x_wconf 84' lang='lat' dir='ltr'>notis</span> <span class='ocrx_word' id='word_1_115' title='bbox 427 2808 552 2845; x_wconf 84' lang='lat' dir='ltr'>marmora</span> <span class='ocrx_word' id='word_1_116' title='bbox 561 2793 677 2856; x_wconf 82' lang='lat' dir='ltr'>publicis,</span> 
     </span>
    </p>

    <p class='ocr_par' dir='ltr' id='par_1_13' title="bbox 194 2882 670 2947">
     <span class='ocr_line' id='line_1_25' title="bbox 194 2882 670 2947; baseline 0 -15"><span class='ocrx_word' id='word_1_117' title='bbox 194 2886 240 2933; x_wconf 87' lang='lat' dir='ltr'>Per</span> <span class='ocrx_word' id='word_1_118' title='bbox 252 2900 307 2946; x_wconf 82' lang='lat' dir='ltr'>quae</span> <span class='ocrx_word' id='word_1_119' title='bbox 317 2884 417 2947; x_wconf 74' lang='lat' dir='ltr'>spirituus</span> <span class='ocrx_word' id='word_1_120' title='bbox 429 2892 455 2933; x_wconf 73' lang='lat' dir='ltr'>et</span> <span class='ocrx_word' id='word_1_121' title='bbox 464 2884 515 2933; x_wconf 79' lang='lat' dir='ltr'>vita</span> <span class='ocrx_word' id='word_1_122' title='bbox 524 2883 588 2933; x_wconf 82' lang='lat' dir='ltr'>redit</span> <span class='ocrx_word' id='word_1_123' title='bbox 598 2882 670 2932; x_wconf 90' lang='lat' dir='ltr'>bonis</span> 
     </span>
    </p>

    <p class='ocr_par' dir='ltr' id='par_1_14' title="bbox 193 2972 754 3125">
     <span class='ocr_line' id='line_1_26' title="bbox 193 2972 754 3035; baseline 0.002 -15"><span class='ocrx_word' id='word_1_124' title='bbox 193 2974 252 3022; x_wconf 76' lang='lat' dir='ltr'>Post</span> <span class='ocrx_word' id='word_1_125' title='bbox 262 2980 368 3021; x_wconf 85' lang='lat' dir='ltr'>mortem</span> <span class='ocrx_word' id='word_1_126' title='bbox 379 2973 498 3035; x_wconf 78' lang='lat' dir='ltr'>ducibus3</span> <span class='ocrx_word' id='word_1_127' title='bbox 515 2987 567 3021; x_wconf 90' lang='lat' dir='ltr'>non</span> <span class='ocrx_word' id='word_1_128' title='bbox 579 2973 670 3021; x_wconf 86' lang='lat' dir='ltr'>celeres</span> <span class='ocrx_word' id='word_1_129' title='bbox 682 2972 754 3033; x_wconf 72' lang='lat' dir='ltr'>fuga,</span> 
     </span>
     <span class='ocr_line' id='line_1_27' title="bbox 193 3060 738 3125; baseline -0.006 -12"><span class='ocrx_word' id='word_1_130' title='bbox 193 3063 343 3125; x_wconf 68' lang='lat' dir='ltr'>Reiecsaque</span> <span class='ocrx_word' id='word_1_131' title='bbox 354 3069 491 3113; x_wconf 83' lang='lat' dir='ltr'>retrorsum</span> <span class='ocrx_word' id='word_1_132' title='bbox 501 3060 632 3111; x_wconf 84' lang='lat' dir='ltr'>Annibalis</span> <span class='ocrx_word' id='word_1_133' title='bbox 644 3061 717 3111; x_wconf 83' lang='lat' dir='ltr'>minae</span> <span class='ocrx_word' id='word_1_134' title='bbox 729 3080 738 3122; x_wconf 90' lang='lat'>;</span> 
     </span>
    </p>
   </div>
   <div class='ocr_carea' id='block_1_7' title="bbox 0 0 1100 3742">
    <p class='ocr_par' dir='ltr' id='par_1_15' title="bbox 0 0 1100 3742">
     <span class='ocr_line' id='line_1_28' title="bbox 0 0 1100 3742; baseline 0 4"><span class='ocrx_word' id='word_1_135' title='bbox 0 0 1100 3742; x_wconf 95' lang='lat' dir='ltr'> </span> 
     </span>
    </p>
   </div>
  </div>
 </body>
</html>
