2192 3742
285 469 471 519 CARMINUM
489 469 551 517 LlB.
569 468 614 517 111.
631 469 665 516 xi.
840 468 871 515 95

200 598 288 657 Audis,
299 612 348 659 quo
359 596 461 658 strepitu
469 596 555 657 janue,
568 610 616 657 quo
628 610 714 645 nemus

201 688 269 736 lnler
280 686 382 749 pulchra
392 691 472 732 satum
482 692 546 733 tecta
557 685 675 746 remugiat

234 774 329 835 Ventis,
340 783 365 822 et
375 774 466 836 positus
478 782 506 822 ut
516 772 603 834 glaciet
614 774 680 822 nives

266 866 332 912 Puro
343 864 443 912 numine
454 864 587 926 Juppiter?

205 1036 326 1113 Ingratum
337 1036 428 1086 Veneri
440 1051 504 1099 pone
516 1036 670 1100 superbiam

203 1127 242 1173 Ne
253 1133 365 1174 currente
376 1134 432 1174 rota
442 1126 507 1174 funis
519 1133 559 1174 ent
570 1134 643 1174 retro.
689 1121 692 1126 ’

236 1214 293 1261 Non
305 1222 329 1262 te
340 1216 478 1276 Penelopen
490 1213 612 1262 difficilem
623 1212 702 1276 procis

267 1305 409 1367 'lifrrhenus
420 1304 503 1366 genuit
512 1318 608 1367 parens.

205 1478 240 1536 0,
251 1476 359 1538 quamvis
371 1491 449 1538 neque
459 1484 484 1525 te
492 1491 604 1537 munera,
617 1466 661 1525 nee
671 1491 763 1540 preces,

206 1567 257 1612 Nec
268 1564 358 1612 tinctus
370 1565 434 1613 viola
445 1566 524 1627 pallor
534 1566 679 1626 amantium,

239 1652 290 1700 Nee
301 1652 338 1699 vir
350 1652 430 1700 Pieria
439 1653 525 1714 pellice
536 1652 631 1700 saucius

273 1739 379 1802 Curvat3
397 1740 545 1803 supplicibus
557 1730 612 1788 tuis*

209 1915 307 1974 Parnes,
319 1927 364 1962 nec
374 1912 451 1974 rigida
462 1913 560 1961 mollior
572 1914 671 1973 aesmllo,

208 2003 262 2049 Nee
274 2001 368 2049 Mauris
379 2000 489 2050 animum
500 2002 583 2050 mitior
594 1984 719 2063 unguibus.

242 2090 300 2136 Non
312 2089 359 2137 hoc
370 2103 465 2151 semper
475 2090 522 2137 erit
533 2089 625 2138 liminis
637 2098 680 2139 aut
689 2104 757 2152 aquae

275 2177 387 2226 Coelestis
398 2178 492 2240 patiens
504 2179 575 2227 latus.

421 2453 488 2501 ODE
505 2458 550 2505 xl.

377 2627 413 2661 An
431 2628 603 2664 MERCURIUM.

215 2777 341 2823 lllnecum
358 2775 426 2838 (nam
437 2784 462 2825 te
473 2778 558 2826 doeilis
570 2779 685 2840 magistro

214 2862 293 2910 Movit
304 2863 427 2925 Amphion
440 2863 530 2926 lapides
542 2866 660 2928 canendo)

214 2953 300 3013 Tuque
311 2952 418 3001 Testudo
431 2967 545 3002 resonare
557 2963 649 3017 septem

345 3040 439 3089 Callida
450 3041 529 3090 nervis
