2192 3742
186 431 231 495 ¹2⁰

423 428 454 480 Q·
472 426 613 477 HORATll
632 427 751 477 FuAccr

314 557 359 603 Vel
371 555 424 603 sole
434 569 513 618 puro:
530 569 581 603 non
593 564 674 604 tamen
686 555 784 609 unitim

298 660 302 667 ¹
315 643 483 705 Quodcunque
493 650 560 691 retro
571 652 615 703 est,
620 644 706 693 efficiet
716 664 724 707 ;
742 659 820 707 neque

346 732 460 792 Diffinget
471 731 635 793 infectumque
646 731 741 794 reddet,
820 772 823 779 .

379 819 452 873 Quod
461 819 556 880 fugiens
568 821 643 869 semel
654 821 717 869 horn
726 821 801 870 vexit.

314 998 422 1045 Fortuna
432 1010 497 1045 sevo
507 997 564 1045 lietu
575 996 682 1057 nogent,
694 1005 720 1045 et

315 1085 411 1133 Lndum
421 1084 568 1133 insolentem
580 1085 663 1132 ludere
674 1083 797 1146 pertinax,

346 1176 505 1222 'l'ransmutut
515 1173 621 1221 incertos
634 1173 751 1233 honores,

379 1265 451 1311 Nune
462 1262 533 1322 mihi,
546 1276 612 1311 nnnc
622 1262 665 1309 ulii
676 1262 787 1323 benigna.

315 1436 398 1487 burdo
409 1444 564 1486 manentem:
582 1437 603 1485 si
613 1438 703 1485 celeres
716 1438 793 1499 quatit

285 1583 287 1588 Ι
315 1529 420 1586 Pennus,
432 1525 528 1587 resigno
540 1541 594 1587 que
605 1526 681 1587 dedit,
693 1536 718 1575 et
729 1541 783 1576 mea
798 1564 800 1569 .
823 1531 829 1553 '

346 1615 443 1663 Virtute
453 1628 493 1662 me
504 1614 613 1676 involvo,
624 1617 772 1678 probamque

378 1702 521 1779 Pauperiem
532 1702 586 1751 sine
597 1703 654 1753 dote
665 1720 757 1765 quaero.
776 1744 779 1750 .

314 1885 371 1931 Non
382 1889 420 1930 est
430 1896 523 1942 meum,
535 1882 558 1929 si
569 1883 661 1944 mugiat
671 1884 760 1933 Africis

314 1972 396 2020 Melus
408 1970 532 2032 prooellis,
544 1971 575 2019 sd
587 1970 688 2021 miseros
698 1987 781 2035 preces

346 2061 480 2107 Decurrere
490 2066 515 2106 et
527 2058 591 2107 votis
602 2060 700 2121 pacisci,

378 2148 416 2194 Ne
427 2146 522 2209 Cyprios
532 2146 661 2209 'lyriaeque
672 2162 765 2197 meroes

313 2322 412 2370 Addunt
422 2334 494 2371 avaro
506 2320 601 2370 divitius
613 2323 690 2371 muri:

312 2414 383 2459 Tunc
395 2426 434 2459 me
444 2410 545 2459 biremis
556 2411 670 2473 praesldio
682 2412 776 2475 sonphae

344 2502 437 2547 'sutum
448 2512 491 2560 per
502 2500 599 2560 AEgaeos
610 2494 731 2549 tumultis

377 2588 446 2634 Aura
456 2587 527 2646 feret,
538 2587 696 2651 geminusque
708 2590 806 2638 Pollux.
