2192 3742
288 517 528 568 EPISTOLARUM
546 517 609 566 ΗΒ.
627 518 647 566 1.
663 516 690 566 ii.
838 518 886 568 2⁶7

73 646 152 702 Quod
163 645 244 710 petiit,
256 646 367 710 spernit3
384 645 472 710 repetit
482 646 548 707 qnod
559 659 637 709 nuper
652 643 757 696 omisit?

68 738 185 796 AErmet,
194 742 221 785 et
231 735 287 784 vitae
297 734 450 788 disconvenit
461 734 548 784 ordine
559 742 614 784 toto
625 737 635 783 ἓ

70 825 171 888 Dimit,
183 825 296 886 aedifiem,
308 832 387 875 mutat
396 825 514 887 quadrata
525 826 658 875 rotundis?

70 915 189 964 Insanire
199 922 270 978 putor
281 914 394 965 solennia
403 929 453 976 me,
467 930 545 977 neque
554 915 630 977 rides,

68 1005 126 1054 Nec
137 1003 226 1053 medici
235 1003 325 1064 credis,
337 1003 381 1052 ned
392 1003 511 1053 curatoris
522 1018 593 1065 egere

69 1095 98 1142 Α
108 1100 216 1155 pretore
224 1090 278 1141 dati
287 1112 296 1155 3
313 1107 397 1140 rernm
408 1093 487 1141 tutela
496 1107 607 1141 mearum

69 1183 139 1231 Cum
150 1180 195 1241 nie,
207 1188 232 1230 et
241 1195 314 1243 prave
325 1186 418 1228 sectum
429 1180 588 1230 stomacheris
599 1182 631 1230 ob
642 1195 749 1244 unguem

42 1301 46 1305 -
69 1273 110 1320 De
120 1277 147 1319 te
157 1268 297 1333 pendentis,
309 1275 334 1317 te
345 1266 496 1331 respicientis
508 1267 590 1317 amici.

69 1359 113 1408 Ad
125 1371 259 1418 summam,
271 1355 367 1420 sapiens
377 1370 429 1405 uno
441 1354 524 1404 minor
534 1363 573 1404 est
583 1357 656 1417 Jove,
668 1356 745 1418 dives,

72 1446 161 1508 Liber,
173 1447 321 1506 honoratus,
333 1445 445 1508 pulcher,
458 1458 502 1493 rex
513 1444 618 1507 deniqne
629 1459 730 1508 regum3

71 1535 201 1600 Praecipue
212 1548 297 1596 smus,
308 1533 357 1583 nisi
368 1548 425 1584 cum
437 1531 524 1596 pinsita
534 1535 638 1583 molente
646 1541 691 1583 est.

369 1825 534 1875 EPISTOLA
561 1826 595 1874 ll.

391 2002 426 2036 nn
442 2001 568 2036 concrum.

66 2153 188 2200 Tnosnnr
200 2148 260 2199 belli
271 2148 425 2213 scriptorem,
437 2148 544 2200 maxime
555 2149 632 2211 Lolli,

67 2243 137 2290 Dum
147 2247 176 2288 tu
187 2239 308 2289 declamas
320 2242 415 2302 Rome,
427 2243 550 2290 Praencnte
559 2240 633 2302 relegi
643 2262 652 2304 3

69 2327 133 2387 Qui,
145 2326 204 2390 quid
215 2326 249 2376 cit
259 2328 400 2390 pulchrum,
413 2328 471 2390 quid
482 2337 570 2392 turpe;
588 2328 646 2391 quid
657 2329 728 2392 utile,
740 2329 798 2394 quid
809 2346 858 2380 non
863 2367 872 2391 ,

66 2415 172 2465 Planius
183 2429 211 2464 ec
221 2415 309 2465 melius
322 2415 456 2480 Chrysippo
467 2424 492 2465 et
503 2418 624 2467 Crantore
633 2417 700 2467 dicit.

70 2507 125 2555 Cur
137 2503 173 2554 ita
182 2504 339 2565 crediderim,
351 2504 399 2554 nisi
410 2505 469 2567 quid
479 2513 504 2555 te
514 2506 616 2568 detinet,
628 2508 692 2557 andi.

67 2595 174 2655 Fabula,
186 2608 235 2657 qua
244 2594 338 2644 Paridis
348 2603 449 2658 propter
459 2605 573 2644 narratur
584 2611 693 2647 amorem

69 2681 170 2733 Gracia
178 2683 302 2732 Barbariae
313 2685 382 2732 lento
393 2683 479 2732 collisa
489 2683 582 2745 duello,

71 2772 214 2822 Stultorum
225 2785 311 2833 regum
323 2778 348 2820 et
358 2773 504 2834 populorum
516 2772 626 2822 continet
636 2779 718 2822 aertrrn

66 2863 183 2910 Antenor
194 2868 278 2909 censet
288 2860 347 2910 belli
358 2860 489 2923 precidere
499 2874 610 2909 causam:

69 2947 139 3004 Quid
150 2948 219 2998 Paris
230 2952 240 2997 ἓ
259 2957 288 2998 ut
299 2951 379 2998 salvus
391 2956 476 3010 regnet
487 2947 598 3010 vivatque
608 2950 704 3012 batim,

68 3036 132 3100 cogi
142 3051 214 3101 ponec
225 3045 305 3100 negat.
339 3039 430 3086 Nestor
440 3051 588 3099 componere
603 3036 658 3107 lites
740 3051 742 3056 ·

70 3129 140 3178 inter
152 3126 252 3177 Peliden
266 3127 366 3178 festinet
376 3133 401 3176 et
411 3125 476 3176 inter
486 3125 603 3176 Atriden:
766 3118 773 3134 “
