2192 3742
307 535 545 602 nersronaauu
564 538 627 584 nra.
645 499 676 586 ri.
692 537 710 602 r.
860 541 907 588 305

106 661 218 722 tiQuid?
238 662 279 723 qui
291 662 393 725 deperiit
405 663 486 711 minor
498 678 548 712 uno
559 660 642 712 rneuae
653 665 692 713 vel
704 679 779 727 anno,
878 663 883 669 '

106 753 176 800 Inter
187 766 247 814 quoa
259 752 400 801 referendus
411 751 477 800 erit?
496 760 620 802 veteresne
631 758 735 816 metae?

105 843 148 888 An
160 853 221 901 quos
232 847 256 888 et
266 848 410 902 praesentet
420 849 516 903 postera
527 849 624 905 respuet
635 845 712 892 aetas?

107 931 127 989 tl
133 929 183 977 Iste
193 927 290 990 quidem
301 936 393 977 veteres
405 929 469 978 inter
480 937 584 993 ponetur
594 930 706 990 honeste,

108 1017 158 1071 Qui
169 1018 208 1065 vel
220 1031 304 1065 mense
315 1017 381 1066 brevi
392 1019 429 1066 vel
442 1025 494 1066 tcto
505 1026 542 1067 est
551 1018 635 1078 junior
646 1033 719 1068 anno.

108 1107 198 1165 tlUtor
209 1105 338 1168 permisso,
350 1107 477 1168 caudaeque
487 1107 551 1170 pilos
561 1114 590 1155 ut
599 1106 693 1168 equinae

109 1192 231 1241 Paulatim
242 1194 316 1255 vello,
329 1201 353 1242 et
364 1194 435 1242 demo
446 1210 532 1255 unum,
545 1195 616 1243 demo
627 1195 700 1243 etiam
711 1209 805 1256 unnm3

108 1283 175 1330 Dum
186 1281 256 1330 cadat
266 1282 348 1330 elusus
359 1281 454 1330 ratione
465 1282 559 1330 ruentis
570 1283 658 1341 acervi,

108 1368 159 1423 Qui
170 1369 233 1417 redit
243 1368 274 1417 ad
286 1370 370 1429 fastos,
383 1377 408 1418 et
417 1369 530 1418 virtatem
540 1370 645 1418 attimar
656 1370 737 1430 annia,

109 1457 262 1519 Miraturque
273 1457 335 1506 nihil
347 1457 395 1506 nisi
403 1458 468 1520 quod
479 1457 586 1507 Libitina
595 1459 705 1508 sacravit.

108 1545 215 1606 Ennius,
227 1538 252 1596 et
262 1546 356 1608 sapiens
368 1555 392 1596 et
404 1547 484 1608 fortis,
497 1555 522 1596 et
533 1549 595 1596 alter
607 1549 738 1608 Homerus,

107 1635 145 1682 Ut
154 1633 232 1683 critici
243 1635 336 1694 dicunt,
347 1635 431 1683 leviter
442 1650 526 1684 cauare
537 1635 631 1684 videtin

107 1725 164 1777 Qun
175 1723 402 1785 promissacadunt,
414 1731 439 1772 et
449 1724 545 1773 somnia
556 1724 714 1786 Pythagorea.

106 1811 205 1860 Naeviua
216 1811 241 1858 in
254 1811 366 1860 manibus
378 1826 428 1861 nou
438 1819 485 1872 est,
497 1819 522 1860 et
532 1811 653 1864 mentibus
663 1812 740 1860 haeret

106 1902 179 1948 Paene
190 1902 293 1948 recens?
312 1901 371 1948 adeo
383 1907 492 1948 nanctum
503 1908 540 1949 eet
550 1908 619 1949 vetus
630 1914 703 1948 omne
713 1903 808 1963 poema.

61 1976 63 1982 ¹
105 1989 244 2050 Ambigitur
256 1989 349 2051 quoties
361 1997 415 2038 uter
427 1997 483 2038 utro
495 1989 527 2038 sit
536 1989 621 2053 prior;
638 1988 718 2036 aufert

78 2101 82 2107 ·
105 2077 222 2138 Pacuvius
233 2077 297 2126 docti
310 2079 399 2126 famam
410 2077 484 2138 senis,
495 2077 583 2126 Acciue
594 2075 651 2126 alti:

103 2164 199 2214 Dicitur
208 2164 296 2214 Afrani
307 2174 364 2227 toga
373 2167 513 2214 convenisse
524 2165 661 2214 Menandro
670 2185 678 2226 ;

105 2255 206 2302 Plautus
218 2254 249 2302 ad
260 2255 384 2316 exemplar
396 2253 471 2303 Siculi
482 2266 612 2315 properare
622 2251 778 2314 Epicharmi3

107 2342 211 2390 Vincere
224 2343 339 2396 Caecilius¹
347 2343 471 2403 gravitate,
482 2342 611 2391 Terentius
623 2348 682 2390 arte.

104 2432 158 2478 Hos
170 2429 263 2490 ediscit,
276 2431 356 2478 ethos
368 2437 434 2478 arcte
446 2429 639 2505 stipata'thcatru
788 2474 792 2480 ,

103 2522 201 2582 Spectat
211 2521 288 2568 Roma
298 2527 401 2580 potens5
418 2519 491 2576 habet
499 2518 545 2566 hos
556 2514 713 2577 numeratque
724 2519 807 2578 meus

102 2608 143 2656 Ad
154 2615 265 2655 nostrum
277 2615 381 2669 tempus,
394 2604 447 2654 Livi
458 2605 582 2668 scriptoria
593 2606 624 2652 ab
634 2617 694 2652 aevo.

103 2695 230 2744 Interdum
241 2696 326 2755 vulgns
338 2702 430 2744 rectum
441 2694 521 2755 videt3
539 2700 576 2742 eet
587 2692 628 2741 ubi
639 2698 729 2754 peccat.

102 2783 129 2833 Si
142 2789 233 2839 veteres
245 2783 279 2831 ita
290 2783 393 2831 miratur
404 2782 532 2843 laudatque
541 2785 637 2843 poetas,

102 2871 139 2920 Ut
149 2869 212 2918 nihil
223 2871 350 2930 anteferat,
363 2871 425 2918 nihil
437 2869 486 2918 illis
498 2870 632 2930 comparet,¹
643 2873 720 2917 errat:

100 2957 127 3008 Si
141 2958 251 3019 quaedam
262 2959 334 3008 nimie
345 2959 452 3021 antique,
465 2960 486 3008 ei
497 2961 611 3021 pleraque
622 2955 683 3005 dne

58 3057 73 3072 ··
100 3043 188 3093 Dicere
198 3046 262 3094 cedit
272 3059 324 3106 eoa,
336 3047 420 3108 ignave
430 3048 508 3100 multa
518 3047 617 3104 fatetur,

99 3133 133 3180 Et
144 3133 216 3195 sapit,
227 3141 252 3182 et
262 3149 358 3184 mecum
369 3135 436 3196 facit,
446 3143 472 3186 et
481 3137 543 3187 love
551 3133 644 3195 judicat
652 3146 722 3194 aequn

490 3239 509 3275 x
