2192 3742
176 467 226 515 m
421 467 453 522 Q·
471 465 612 517 lioltA'rll
628 467 747 519 mccl

177 591 265 642 Purior
277 591 302 642 iu
313 592 372 644 vicis
383 607 446 657 aqua
455 594 535 645 tendit
545 609 659 659 rumpere
669 597 808 658 plumbum,

70 703 78 717 ·
178 684 258 738 Quam
269 697 323 746 quae
334 697 377 746 per
388 697 494 747 pronum
505 684 610 747 trepidat
620 699 676 733 cum
688 699 815 734 murmure
824 684 927 741 rivum?

177 773 272 836 Nempe
283 771 555 822 interserimutritur
567 773 629 822 silva
639 775 778 835 columnas,
901 767 906 773 ’

177 861 346 924 Laudaturque
357 863 444 912 domus
456 865 542 924 longos
553 878 608 925 quae
618 864 736 927 prospicit
746 878 825 925 agros.

177 953 297 1001 Naturam
308 953 415 1015 expelles
427 953 505 1013 furoe,
516 961 598 1001 tamen
609 967 688 1015 usquc
698 960 819 1014 recurret,

177 1042 210 1090 Et
220 1033 285 1089 mal’a
295 1049 435 1104 perrumpet
445 1041 530 1089 furtim
542 1041 639 1091 fastidia
650 1042 746 1109 uictrix.

161 1129 166 1149 ¹
178 1129 246 1190 Nou,
255 1129 297 1192 qui
308 1128 409 1178 Sidonio
420 1130 566 1179 eontendere
576 1130 679 1180 callidus
690 1139 759 1180 ostro

177 1217 261 1266 Nescit
272 1217 419 1279 Aquinatem
430 1217 540 1280 potantia
551 1219 644 1266 vellera
654 1220 748 1278 fucum,

177 1305 273 1355 Certim
288 1305 386 1369 accipiet
396 1305 524 1365 damwm,
534 1306 664 1368 propiusve
675 1306 801 1367 medullis,

178 1397 258 1466 Quam
269 1395 310 1458 qui
321 1410 370 1443 non
381 1395 539 1460 poterituero
550 1395 697 1460 distinguere
709 1396 806 1469 5⁸¹qu·

166 1485 257 1536 ·Quem
268 1497 307 1531 res
317 1484 372 1544 plus
384 1483 460 1530 nimio
472 1483 620 1532 delectavere
631 1485 753 1545 secunde,

181 1573 282 1621 Mutatae
295 1571 416 1634 quatient:
435 1572 456 1620 si
467 1571 525 1634 quid
536 1571 667 1633 mirabere,
678 1587 755 1636 pones

167 1650 289 1711 ¹Inritus:
307 1662 362 1722 iuge
374 1675 474 1722 magnas
491 1662 548 1710 lieet
559 1663 605 1710 sub
615 1675 721 1726 paupere
733 1669 797 1711 tecto

182 1753 259 1813 Reges
270 1759 295 1800 et
305 1765 388 1812 regum
397 1751 448 1799 rita
457 1765 607 1813 precurrere
618 1751 718 1800 amicos.
732 1785 735 1790 -
767 1754 771 1761 '

183 1844 275 1893 Cervus
286 1857 375 1904 equum
386 1855 467 1904 pugna
477 1841 566 1890 melior
576 1840 746 1890 communibus
756 1840 838 1890 herbis

184 1933 302 1992 Pellebat,
314 1931 391 1981 donec
403 1931 484 1980 minor
494 1931 519 1980 in
530 1930 663 1980 certamine
673 1931 747 1992 longo
842 1943 846 1948 ’

183 2020 325 2084 lmploravit
336 2034 393 2083 opes
404 2020 522 2081 hominis,
536 2021 688 2081 frenumque
700 2019 806 2082 recepit:

152 2135 155 2143 ν
183 2110 231 2158 Sed
241 2117 369 2172 postquam
380 2109 457 2158 rictm
467 2109 561 2158 violens
571 2108 682 2158 discessit
693 2110 724 2157 ab
734 2096 816 2169 hoste,

184 2197 241 2247 Non
252 2197 357 2260 equitem
369 2197 453 2258 dorso,
464 2211 515 2246 non
527 2197 632 2246 iraenum
641 2197 735 2261 depulit
745 2211 797 2246 ore.

185 2286 224 2335 Sic
235 2285 276 2349 qui
287 2287 426 2350 pauperiem
437 2288 538 2349 veritus,
550 2287 646 2350 potiore
657 2288 762 2337 metallis

184 2376 306 2426 Libertate
317 2384 393 2438 caret,
405 2377 531 2426 dominum
542 2378 614 2426 vehet
625 2377 763 2440 improbus,
775 2385 847 2440 atque

129 2517 134 2538 Ι
185 2465 278 2515 Serriet
287 2471 424 2526 {eternum3
443 2466 500 2526 quia
510 2479 584 2528 parvo
596 2464 688 2514 nesciet
698 2464 743 2514 uti.
827 2481 831 2489 ·

186 2554 231 2605 cui
243 2569 293 2603 non
305 2553 432 2602 conveniet
443 2567 487 2603 sua
498 2569 547 2615 res,
560 2561 588 2602 ut
598 2555 692 2603 calceus
703 2554 774 2614 elin,

184 2643 210 2693 Si
223 2643 282 2706 pede
293 2645 372 2703 major
383 2642 439 2703 erit,
451 2645 590 2706 subvertet3
608 2644 629 2693 si
640 2644 733 2706 minor,
744 2652 807 2693 uret.

186 2734 267 2782 Laetrts
279 2741 345 2782 sorte
353 2740 396 2782 tua
405 2731 470 2782 vives
482 2733 613 2796 sapienter,
624 2734 719 2796 Aristl3

185 2825 236 2871 Nec
247 2837 286 2870 me
297 2820 403 2872 dimittes
415 2822 595 2884 incastigatuin,
607 2822 649 2871 ubi
660 2823 732 2886 plura

187 2912 278 2972 Cogere
289 2923 362 2973 quam
373 2910 432 2958 satis
444 2919 491 2971 est,
504 2925 531 2960 ac
542 2924 593 2959 non
604 2925 698 2960 cessare
709 2910 818 2960 videbor.

187 3001 293 3062 lmperat
303 3005 347 3046 aut
357 2996 431 3046 servit
441 2999 543 3048 collecta
553 2997 657 3062 pecunia
666 2998 763 3061 culque,

184 3089 289 3138 Tortum
300 3085 373 3148 dlgna
383 3085 452 3149 sequi
462 3087 543 3150 potius
553 3101 627 3150 quam
637 3087 725 3138 ducere
733 3087 827 3137 runem.
