2192 3742
194 486 242 533 226
433 485 465 538 Q·
483 482 622 533 nonnuli
639 484 757 535 FhAccr

197 610 319 659 Primores
329 610 412 673 populi
421 611 524 674 arripuit
533 612 696 674 populumque
708 610 819 659 tributim
829 631 838 673 3

196 699 293 747 Scilicet
302 698 345 747 uui
357 714 439 767 ffluus
451 699 535 748 virus
545 682 617 773 atque
628 702 682 773 'us
694 698 785 748 amicis.

196 788 261 841 Quin
273 788 314 836 ubi
325 803 352 837 se
363 790 460 849 avidgo
472 796 497 837 et
506 802 579 837 scena
589 788 614 835 in
626 796 718 837 secreta
727 794 852 836 remorant

195 876 279 925 Virtus
290 876 406 940 Scipiedae
417 884 442 925 et
450 876 516 926 mitis
526 876 644 939 εαρίειιιίιι
655 875 730 938 Laell3

198 966 290 1025 Nugeri
300 981 357 1015 cum
367 965 423 1025 illo,
435 974 461 1014 et
470 966 580 1016 discincti
590 965 685 1026 ludere,
696 964 772 1014 donec

197 1055 375 1116 Decoqueretur
384 1056 450 1115 olus,
462 1054 537 1103 soliti.
572 1052 692 1115 Quicquid
702 1068 757 1102 sum
768 1064 823 1114 ego,
834 1054 947 1115 quumvis

196 1145 264 1192 lufru
280 1142 357 1193 Lucili
367 1159 466 1193 censum
477 1144 659 1205 ingeniumque,
670 1151 751 1192 tamen
763 1157 803 1192 me

175 1298 179 1304 Ι
197 1235 260 1282 Cum
270 1234 363 1295 mugnis
373 1233 463 1283 vixisse
473 1234 550 1282 invito
561 1233 674 1282 fatebitur
684 1245 761 1294 usque

198 1322 300 1382 luridis,
312 1330 337 1371 et
348 1322 428 1383 frugili
437 1336 548 1384 quaerens
559 1321 654 1369 illidere
664 1320 772 1381 dentem,

199 1411 311 1459 Offendor
321 1412 408 1460 solido.
442 1412 496 1459 Nisi
507 1410 565 1472 quid
576 1418 614 1471 tu,
629 1410 699 1459 docte
709 1411 819 1471 lnebati,

197 1498 324 1548 Dissentis.
357 1500 502 1562 {equdem
513 1500 575 1548 nihil
586 1500 644 1549 hinc
655 1500 790 1561 defringere
800 1514 909 1563 possum

197 1587 245 1637 Sed
256 1596 338 1637 tumen
347 1596 376 1637 ut
385 1589 493 1638 monitus
503 1603 597 1648 cerens,
608 1604 640 1637 ne
650 1589 714 1637 forte
722 1586 802 1649 negoti

198 1679 302 1726 incutiat
310 1678 355 1727 tibi
364 1678 423 1741 quid
433 1687 570 1727 sanctarum
581 1678 677 1727 inscitia
690 1679 785 1739 legum:

197 1766 223 1814 Si
235 1767 299 1815 muln
307 1767 442 1816 condiderit
451 1768 477 1815 in
488 1781 560 1828 quem
571 1767 624 1828 quis
634 1766 753 1826 carmina,
762 1768 802 1827 jm
813 1772 851 1817 est

196 1853 374 1917 iudiciumque.
406 1858 427 1912 ἵ
433 1856 503 1915 Esto,
515 1856 535 1903 si
547 1855 601 1917 quis
612 1856 694 1916 malo3
712 1854 754 1903 sed
766 1855 860 1905 bonosi
872 1856 927 1917 quis
990 1873 995 1881 “

197 1943 283 1991 lodice
293 1942 428 1992 condiderit
436 1943 546 1991 leudams
560 1944 673 1992 caesure?
692 1943 713 1991 si
724 1943 776 2004 quis

199 2031 342 2095 Opprobrils
353 2032 453 2093 dignum
463 2032 596 2092 latraverit,
609 2031 782 2093 integeripse?

200 2120 356 2177 lSolrentur
366 2120 418 2169 risu
428 2120 533 2182 tabu1ae3
550 2129 577 2170 tu
588 2120 676 2169 missus
687 2120 771 2170 abibis.

516 2376 636 2425 SATIRA
651 2377 684 2423 11.

198 2546 261 2598 Qun
274 2532 348 2593 virtus
359 2553 385 2595 et
410 2557 484 2595 uanta
504 2547 562 2597 boni
586 2551 618 2598 sit
628 2520 711 2599 vivere⁴
735 2564 792 2599 urvo
820 2579 823 2583 -

204 2635 266 2697 (Nec
278 2648 345 2682 meus
355 2634 395 2683 hic
406 2649 485 2684 sermo
494 2645 541 2696 est,
554 2638 596 2686 sed
606 2653 658 2699 quae
670 2640 781 2703 praecepit
792 2638 890 2687 Ofellum

198 2719 322 2782 Rusticus,v
332 2724 455 2773 abnormis
466 2726 571 2788 sapiens,
583 2741 708 2789 crassaque
719 2724 839 2787 Minerva)
933 2754 934 2757 =

200 2810 302 2871 Discite,
313 2826 361 2861 non
374 2813 438 2861 inter
445 2815 526 2863 lances
538 2828 680 2877 mensasque
690 2816 805 2877 nitentes,

202 2900 264 2948 Cum
276 2907 355 2962 stupet
364 2900 455 2950 insanis
467 2903 530 2951 acics
541 2904 686 2964 fulgoribus,
701 2912 726 2953 et
735 2918 791 2953 cum

200 2986 310 3035 Adclinis
320 2987 387 3036 falsis
397 2988 492 3037 animus
504 2991 606 3039 meliors
616 2999 710 3041 recusat
721 3012 729 3053 3

201 3077 291 3126 Verum
302 3077 341 3126 lric
352 3078 469 3152 impransi
478 3093 573 3129 mecum
583 3080 716 3143 disquirite.
749 3082 769 3137 l
777 3080 826 3129 Cur
836 3080 904 3127 hoc?
969 3103 972 3108 ·
