2192 3742
212 434 258 483 174

449 434 480 487 Q·
498 432 640 483 nostru
657 434 776 485 mccl

532 700 600 749 obs:
618 699 698 750 XVII.

515 876 551 911 Ab
566 875 706 911 cortitum.

544 1019 683 1055 neutrius.

337 1122 395 1171 dou
403 1123 456 1181 jam
466 1118 557 1168 efficaci
567 1119 600 1168 do
611 1134 698 1168 manus
710 1118 816 1169 scientie

339 1209 457 1273 Supplex,
468 1215 493 1256 et
502 1222 549 1256 oro
560 1220 635 1268 regna
644 1221 688 1270 per
700 1207 862 1271 Proserpinae,

258 1365 263 1371 ,
338 1298 386 1348 Per
396 1305 421 1345 et
430 1296 516 1345 Dione
527 1310 578 1344 uon
589 1295 709 1344 movenda
719 1295 831 1357 numina,

340 1388 386 1434 Per
397 1392 469 1446 atque
479 1384 557 1433 libros
567 1384 705 1433 carminum
717 1384 851 1433 veientium

335 1474 423 1523 Detixa
433 1475 497 1522 ooeio
507 1471 623 1521 devocare
634 1472 723 1533 sidera,

338 1560 449 1621 Canidia,
460 1574 531 1623 pareo
540 1560 641 1609 vocibus
654 1561 752 1611 tandem
764 1562 849 1624 sacris,

338 1649 467 1712 Cimmque
477 1656 544 1697 retro
554 1650 632 1709 solve,
644 1650 722 1710 solve,
732 1650 863 1699 turbinem.

337 1739 416 1787 Movit
427 1744 541 1801 nepotem
552 1739 674 1801 Telephus
687 1741 813 1800 Nomium,

336 1832 365 1878 ln
377 1844 449 1893 quem
460 1830 577 1891 superbus
588 1828 713 1877 ordinarat
723 1830 820 1891 agmina

335 1920 474 1982 Mysorum,
486 1925 512 1965 et
521 1917 546 1965 in
560 1931 632 1979 quem
643 1918 693 1966 tela
704 1925 774 1966 acuta
784 1925 895 1967 torserat.

336 2009 437 2057 Unxere
448 2012 538 2054 matres
550 2005 601 2054 iliae
612 2005 734 2054 addietum
745 2006 804 2055 feris
889 2044 891 2049 ,

335 2094 442 2143 Alitibus
453 2102 525 2156 aulae
534 2093 634 2142 canibus
645 2093 792 2143 homicidam
804 2096 945 2155 Hectorem,

335 2186 466 2246 Posuluam
476 2183 568 2232 relictis
580 2183 701 2233 moenibus
713 2198 757 2232 rex
768 2183 872 2246 procidit

335 2275 402 2337 (Heu
410 2273 429 2335 i)
444 2273 572 2337 perrieneis
584 2273 615 2321 ad
626 2273 698 2336 pedes
712 2273 825 2322 Achillei.

331 2364 416 2412 Setosa
427 2362 494 2411 duris
504 2366 594 2414 extrem
605 2362 709 2425 pellibus

331 2450 457 2500 Laboriosi
467 2450 570 2512 remiges
582 2452 691 2514 Ulyssei,

330 2541 435 2589 Veiente
447 2540 528 2600 cum,
540 2541 667 2602 membra3
684 2546 743 2589 time
753 2554 833 2601 mens,
845 2547 870 2590 et
880 2556 957 2591 sonus

322 2629 457 2692 Mopsus,
470 2636 541 2690 atque
553 2635 626 2677 notus
638 2627 665 2676 in
676 2630 757 2677 vultus
769 2628 857 2678 honor.

330 2716 392 2765 Dedi
403 2716 462 2766 sads
474 2728 592 2779 superque
603 2729 733 2780 poenarum
742 2716 797 2777 tibi,

330 2807 418 2855 Amata
427 2803 507 2853 nauds
519 2805 626 2853 multum
636 2812 661 2852 et
672 2804 834 2853 institoribus.

329 2894 400 2954 Fugit
407 2895 531 2955 juventas,
543 2902 569 2943 et
579 2895 728 2943 verecundus
739 2897 808 2943 color

327 2982 434 3044 Reliquit
444 2998 500 3032 ossa
510 2985 574 3047 pelle
584 2984 673 3034 amicta
683 2983 781 3047 lurida;
