2192 3742
367 491 411 540 DE
427 491 515 540 ARTE
533 491 686 543 Poli'ricn.
880 494 928 542 329

128 617 169 666 Sic
180 616 255 665 etiam
266 617 353 666 fidibus
364 631 434 667 voees
445 630 542 668 crevere
553 619 652 680 severis,

128 707 162 753 iit
172 705 231 754 tulit
240 705 364 766 eloquium
375 705 501 755 insolitum
513 707 626 756 facundia
636 722 760 770 praeoeps;

128 791 282 854 Utiliumque
293 803 365 853 sagax
376 807 469 853 rerum,
481 801 506 842 et
517 794 599 842 divina
609 795 695 855 futuri,

128 879 256 940 Sortilegis
267 894 319 928 non
330 880 460 942 discrepuit
470 882 591 932 sententio
600 882 709 945 Delphis.

130 968 245 1017 Carmine
257 969 298 1030 qui
309 968 399 1030 tragico
410 969 484 1018 vilem
495 969 595 1018 oertnvit
606 970 638 1018 ob
649 970 755 1031 bimum,

129 1057 192 1106 Mox
203 1058 277 1106 etiam
288 1065 393 1118 agresoes
404 1059 502 1122 satyros
515 1059 624 1119 nudavit,
637 1068 662 1108 et
671 1073 742 1122 nsper

128 1146 249 1193 Incolumi
260 1146 373 1206 gravitate
381 1149 464 1207 j0cum
476 1147 587 1207 tentarit,
599 1161 629 1196 eo
641 1148 706 1210 quod

128 1234 252 1283 iileoebris
263 1227 316 1283 e'rut
326 1243 351 1283 et
362 1243 429 1296 grata
439 1235 545 1286 novitote
557 1236 689 1285 morandus

130 1323 267 1384 Spectator,
279 1323 424 1385 structusque
435 1323 519 1384 saeris,
531 1330 556 1371 et
565 1331 648 1386 potus,
660 1331 685 1372 et
695 1325 776 1373 exlex.

129 1411 222 1458 Verum
234 1410 268 1459 ite
279 1411 379 1472 risores,
392 1411 426 1460 ita
436 1411 608 1460 commendere
619 1411 711 1461 diouoes

131 1497 266 1547 Conveniet
277 1499 385 1562 Satyros,
397 1499 432 1547 ita
442 1507 534 1549 vertere
545 1500 609 1548 seria
619 1500 695 1562 ludo;

130 1588 169 1635 Ne
179 1587 316 1649 quicunque
326 1587 395 1646 deus,
407 1588 543 1650 quicunque
555 1589 707 1639 adhibebitur
717 1589 798 1649 heros,

129 1674 214 1736 Regali
224 1681 366 1736 conspectus
377 1674 403 1721 in
414 1687 474 1723 auro
486 1689 564 1737 nuper
574 1685 599 1725 et
609 1685 688 1736 ostro,

129 1764 220 1825 Migret
230 1763 256 1812 in
268 1765 381 1813 obscuras
393 1763 481 1811 humili
492 1777 606 1813 sermone
616 1765 745 1825 taberna„

128 1857 190 1913 Aut,
199 1852 257 1901 dum
269 1851 329 1900 vitat
339 1851 452 1912 humum,
464 1853 540 1900 nubes
549 1860 574 1900 et
584 1852 666 1900 inanis
675 1860 762 1916 eoptet.

129 1941 234 1991 Effirtire
244 1942 308 1990 leves
319 1939 418 2001 indigns
428 1940 545 2002 tragonis
555 1953 649 2001 versus,

128 2031 165 2078 Ut
175 2027 243 2078 festis
254 2035 366 2078 matrona
376 2027 467 2078 moveri
476 2030 544 2088 iussa
556 2028 651 2089 diebus,

128 2117 243 2167 intererit
254 2117 345 2180 Satyris
357 2119 457 2180 paulum
468 2117 607 2180 pudibundo
617 2116 744 2179 protervis.

127 2214 185 2262 Non
194 2226 238 2274 ego
249 2211 362 2260 inornate
373 2219 397 2259 et
408 2210 561 2259 dominantia
571 2208 671 2258 nomina
682 2209 762 2257 solum
840 2229 846 2236 ·

127 2301 265 2362 Verbaque,
278 2300 388 2360 Pisones,
400 2301 542 2362 Satyrorum
554 2297 657 2360 scriptor
667 2298 769 2357 amobo;

129 2392 182 2439 Nec
194 2390 228 2438 sic
238 2388 317 2438 enitar
327 2389 420 2450 tragico
427 2387 523 2436 differre
533 2386 622 2447 colori,

129 2479 165 2528 Ut
176 2477 239 2525 nihil
249 2477 345 2525 intersit
356 2477 469 2524 Danisne
478 2477 595 2537 loquatur
604 2481 629 2522 et
639 2473 719 2523 audax

128 2566 226 2630 Pythias
238 2573 352 2632 eprnneffl
362 2568 455 2614 lucrata
466 2566 566 2615 Simone
576 2564 707 2622 talentum,

127 2659 168 2704 An
179 2661 260 2703 eustos
271 2654 425 2715 famulusque
435 2653 474 2702 dei
486 2653 584 2702 Silenus
596 2653 698 2702 niumni.

126 2744 166 2792 Ex
177 2749 237 2792 noto
247 2743 331 2791 ΐιοωιη
342 2756 440 2792 carmen
451 2756 548 2804 sequar,
560 2749 589 2790 nt
599 2740 646 2790 sibi
658 2740 735 2804 quiris

126 2833 214 2895 speret
223 2831 303 2891 idem;
320 2830 390 2880 sudet
400 2831 515 2890 muitum,
528 2830 667 2891 frausque
676 2829 774 2878 laboret

125 2921 208 2969 Ausus
220 2918 298 2967 idem:
315 2925 410 2967 nomm
420 2917 493 2966 series
502 2919 664 2979 iuncturaque
675 2918 767 2979 poilet3

127 3008 236 3056 'ibntum
247 3005 278 3053 de
288 3003 367 3053 modio
379 3004 466 3053 sumtis
477 3004 570 3054 nocedit
580 3004 690 3054 honoris.

126 3093 198 3145 Silvis
209 3092 305 3143 deducti
315 3093 424 3152 caveant,
435 3106 475 3140 me
483 3090 575 3152 judice,
587 3092 674 3152 Fauni,
