2192 3742
182 460 227 507 leo

424 458 457 511 Q·
474 455 615 505 HORATH
633 456 751 505 Funcct

310 588 422 634 Puunou
435 585 536 649 sepulte
547 583 623 633 distat
633 582 727 633 inertiae

314 673 400 723 Celata
409 671 495 720 virtus.
529 673 587 719 Nou
599 685 644 731 ego
655 678 680 719 te
691 670 752 719 meis

347 759 444 809 Chattis
456 759 597 813 inornatum
608 759 696 818 silebo,

378 851 457 897 Totve
466 856 523 896 tuos
534 848 612 911 patiar
623 850 718 897 labores

315 1023 428 1084 Impune,
440 1021 516 1081 Lolli,
527 1035 627 1084 mrpere
637 1020 722 1069 lividus

315 1109 465 1159 Obliviones.
498 1111 544 1158 Est
554 1109 651 1158 animus
662 1108 707 1157 tibi
848 1156 851 1161 ,

348 1200 487 1260 Rerumque
498 1199 616 1262 prudens,
627 1206 654 1247 et
663 1198 775 1247 secundis
828 1199 831 1203 ’

378 1286 542 1349 Temporibus
554 1285 682 1348 dubiisque
693 1295 787 1336 rectus:

247 1527 253 1531 .
270 1486 274 1492 ·
315 1459 412 1508 Vindex
423 1473 500 1508 arurae
512 1458 617 1518 fraudis,
628 1467 654 1507 et
664 1458 788 1508 abstinens

317 1549 433 1598 Ducentis
444 1549 476 1597 od
486 1563 513 1597 se
524 1555 612 1597 cuncte
621 1547 747 1610 pecuniae3
849 1612 853 1621 Ι

350 1638 491 1698 Consulque
501 1650 552 1685 nou
564 1635 637 1684 unius
648 1635 717 1695 anni,

372 1725 431 1774 'Sed
441 1725 536 1787 quoties
547 1725 628 1773 bonus
639 1732 711 1786 utque
721 1724 785 1773 fidus

315 1898 397 1948 Judex
408 1899 540 1948 honestum
552 1898 660 1962 pretulit
670 1898 737 1958 utili,
749 1907 775 1948 et

317 1987 408 2048 Rejeeit
418 1987 468 2036 ulto
481 1987 547 2037 dono
558 1986 699 2037 nocentium

349 2076 437 2136 Vultu,
449 2083 475 2125 et
485 2090 529 2139 per
540 2078 665 2125 obstantes
676 2084 783 2124 ueterum

382 2164 507 2228 Explicuit
517 2180 564 2214 sua
574 2166 650 2215 victor
662 2179 739 2215 mma.

319 2340 378 2386 Nos
390 2338 556 2400 possidentem
567 2338 645 2387 multa
654 2336 777 2387 vocareris

317 2428 391 2475 Recte
401 2427 499 2475 beatum
509 2446 517 2488 3
535 2425 625 2475 rectius
636 2434 738 2489 occupat
844 2454 846 2461 ι

349 2516 446 2562 Nomen
457 2514 532 2574 beuti,
544 2514 587 2577 qui
599 2516 709 2565 Deorum

383 2603 529 2653 Muneribus
540 2603 663 2667 supienter
673 2603 721 2664 uti,

319 2779 464 2843 Durumque
474 2780 547 2829 onllet
557 2778 697 2841 pauperiem
709 2778 776 2842 puti3

319 2869 440 2930 Pejusque
451 2868 500 2917 leto
512 2867 631 2929 flagitium
641 2866 728 2929 timet:

351 2958 409 3006 Non
421 2958 464 3005 ille
475 2971 520 3019 pro
532 2957 596 3005 oeris
608 2956 692 3005 amieis

382 3047 434 3095 Aut
444 3044 524 3108 petris
533 3045 635 3095 timidus
648 3044 736 3107 perire.
