2192 3742
180 438 226 487 19⁴
417 440 449 493 Q.
466 438 607 489 nouam
624 439 743 489 Fusccl

179 565 273 614 Sunium
284 573 311 615 et
319 565 444 629 improbus
455 555 496 615 liic
505 581 575 615 amor
585 574 633 627 est,
644 567 777 629 dignusque
785 568 875 617 notari.

181 654 244 703 cum
254 663 296 703 sua
303 655 428 717 pervideas
439 656 516 705 oculis
527 658 594 705 mala
602 656 682 720 lippus
694 658 809 717 inunctis,

181 745 232 794 cur
243 744 270 793 in
280 745 414 794 amisorum
424 746 551 807 vitiisptam
563 746 642 795 cernis
654 753 761 806 acutum,

182 833 262 886 0¹1⁸!ss
273 840 315 881 ant
325 834 416 894 aquila,
427 841 469 882 aut
478 847 577 895 serpens
586 832 749 896 Epidaurius?
784 833 819 880 At
828 832 874 880 tibi
885 840 975 881 eontra

182 920 280 980 Evenit,
289 921 414 983 inquirant
423 922 481 970 vitia
490 929 519 969 ut
528 929 572 970 tua
582 935 665 969 narsus
676 929 701 969 et
712 920 757 969 illi.

183 1008 324 1057 lranundior
334 1017 372 1058 est
382 1011 475 1072 paulo?
494 1010 576 1057 minus
588 1018 658 1072 aptus
670 1009 746 1057 acutis

184 1097 290 1146 Naribus
299 1098 389 1146 horum
398 1098 526 1147 hominum
535 1101 545 1146 ἓ
565 1098 638 1147 rideri
649 1097 735 1161 possit,
746 1111 775 1146 so
787 1096 852 1159 quod

183 1184 305 1234 Rusticius
314 1194 386 1235 tonso
396 1194 453 1248 toga
463 1187 558 1247 defluit,
569 1194 594 1235 et
604 1188 667 1235 male
679 1187 749 1234 laxus

185 1274 214 1320 ln
223 1273 284 1335 pade
294 1275 388 1323 salonas
398 1276 493 1323 hares?
528 1276 563 1323 At
573 1282 610 1322 ssi
619 1276 708 1333 bonus,
719 1280 748 1322 ut
758 1272 845 1321 melior
856 1272 895 1320 vir

186 1362 244 1409 Non
254 1361 317 1410 alius
326 1362 464 1424 quisquam:
481 1370 508 1411 as
516 1362 562 1411 tibi
573 1362 679 1410 amicus:
697 1369 724 1409 aa
732 1360 856 1421 ingenium
869 1360 958 1421 ingens

187 1449 282 1497 Inculto
291 1450 351 1499 lauat
360 1450 407 1498 hoc
416 1452 462 1499 sub
471 1464 581 1513 corpore.
614 1450 723 1511 Denique
733 1456 757 1497 te
767 1450 847 1512 ipsum

189 1538 305 1598 mucuns,
316 1554 376 1587 num
386 1554 434 1601 qua
443 1539 488 1587 tibi
499 1538 614 1587 vitiorum
624 1537 738 1586 inseverit
750 1536 811 1587 olim

188 1625 291 1685 Natura,
303 1628 428 1675 autetiam
438 1626 587 1675 nonsuemdo
599 1626 679 1687 mala;
696 1638 799 1685 namque

189 1714 310 1774 Neglectis
320 1715 413 1763 aranda
421 1715 476 1763 filix
485 1714 619 1764 innascinn
629 1714 700 1775 agris.

187 1804 250 1853 illuc
260 1813 445 1868 pravariamiu3
463 1814 597 1855 amatorem
607 1805 672 1867 quod
681 1804 764 1853 amiate

188 1892 281 1955 'lurpia
290 1892 412 1958 decipiunt
421 1910 510 1944 uacum
519 1895 589 1955 vitia,
600 1894 726 1943 autetiam
736 1893 787 1956 ipsa
797 1892 848 1941 hac

189 1982 332 2044 Delectant3
349 1984 423 2032 veluti
433 1983 565 2032 Balbinum
575 1984 676 2046 polypus
688 1984 788 2043 Hagnae.

190 2068 286 2117 Vellem
295 2070 321 2117 in
332 2070 439 2120 amicitia
448 2071 482 2119 sic
492 2084 638 2130 erraremus,
649 2078 674 2118 et
684 2070 724 2118 isai

190 2155 276 2205 Errori
286 2172 377 2206 nomen
385 2158 462 2208 virus
472 2158 591 2221 posuisset
602 2158 739 2206 honestum.

128 2288 131 2293 .
191 2246 236 2304 At,
246 2252 314 2307 pater
323 2254 352 2294 ut
362 2247 437 2308 gnati,
448 2247 483 2296 sic
493 2262 538 2295 nos
548 2247 674 2306 debemus,
685 2243 757 2293 amici

193 2332 220 2380 Si
231 2334 296 2395 qnod
305 2334 338 2383 ait
347 2335 443 2396 vitium,
453 2350 504 2384 non
515 2334 639 2383 fastidire:
657 2333 795 2382 strabonem

192 2421 306 2483 Appellat
317 2424 499 2485 Paetumpater:
516 2430 542 2471 et
552 2422 661 2482 Pullum,
673 2421 738 2469 male
748 2433 836 2482 parvus

171 2536 182 2543 -
194 2512 221 2562 Si
231 2512 270 2562 cui
280 2512 345 2562 filius
356 2522 403 2575 nst,
413 2521 442 2563 ut
453 2514 575 2563 abortivum
586 2513 633 2562 fuit
643 2512 704 2562 olim

194 2601 323 2666 Sisyphus:
340 2603 517 2662 innovatum,
528 2602 637 2651 distorta
648 2597 777 2665 muribus3
794 2598 865 2647 illum

194 2690 303 2740 Balbutit
313 2692 441 2752 Snamum,
452 2691 532 2754 pravis
541 2691 635 2747 fultum,
643 2691 707 2738 male
716 2688 781 2737 talis.

196 2779 293 2829 Parcius
303 2781 343 2830 hic
353 2781 430 2831 vivit?
448 2781 511 2843 frugi
522 2780 623 2832 dicatur.
658 2780 757 2840 Ineptus

195 2870 228 2919 Et
235 2869 365 2929 incautior
374 2869 414 2918 hic
424 2871 497 2934 paulo
508 2872 561 2919 ast?
581 2868 713 2917 concinnus
724 2864 807 2915 amicis

197 2957 469 3007 Posmlatutvidaamr.
501 2955 845 3016 Atesttrunilentlor,atque

196 3050 254 3101 Plus
265 3063 334 3113 aquo
345 3048 426 3099 liber?
444 3048 547 3112 simplex
559 3047 676 3110 fortisque
685 3048 811 3097 habeatur.
