2192 3742
218 449 263 498 17⁰

454 453 485 505 Q·
504 450 645 501 HORA'l'Il
662 452 780 501 rndccr

315 579 364 633 Qui
375 593 483 643 persaepe
492 594 551 629 mvn
561 580 683 629 testudine
693 581 760 629 flevit
769 593 888 641 amorem,

378 669 436 715 Non
447 670 599 718 elaboramm
610 669 641 717 ad
652 670 745 731 pedem.

315 757 402 805 Ureris
412 757 465 819 ipse
476 758 551 807 miser
561 778 569 821 ς
587 758 652 821 quod
663 759 685 807 si
696 774 746 807 non
757 759 883 821 prdchrior
893 759 956 819 ignis

378 846 498 895 Accendit
506 848 631 895 obsessam
642 847 717 906 ilion,

316 934 400 983 Gaude
411 943 478 983 sorte
489 943 551 997 ωας
569 950 609 984 me
619 935 744 994 libertino,
756 950 834 999 neque
845 951 895 985 uno

381 1023 513 1084 Contenta,
525 1024 624 1088 Phryne
634 1034 749 1075 macerat.
806 1026 809 1031 '

552 1238 619 1289 ODE
636 1240 690 1288 XV.

471 1418 506 1452 Au
522 1417 637 1451 NEAERAM
655 1416 769 1451 AMICAM.

319 1552 380 1599 Nox
390 1557 453 1610 erut,
465 1557 490 1597 et
499 1551 563 1597 ooelo
575 1548 683 1609 fulgebat
692 1548 754 1597 luna
763 1561 850 1596 sereno

384 1639 451 1686 luter
462 1638 559 1686 minora
569 1636 659 1697 sidera,

319 1727 382 1773 Cum
392 1734 431 1785 tu,
443 1740 589 1787 magnorum
600 1738 691 1774 numen
702 1725 794 1773 laesuro
803 1724 914 1783 deorum,

381 1815 409 1862 In
420 1816 495 1863 verba
502 1814 603 1875 iurabas
615 1827 679 1873 meo,

324 1902 422 1951 Arctius
434 1910 506 1964 mue
516 1902 608 1958 hedera
618 1915 721 1965 procera
731 1901 872 1963 astringitur
883 1900 940 1958 ilex,

384 1990 468 2039 Lentu
479 1990 607 2039 adhaerens
618 1990 723 2039 brachiis
734 2010 742 2052 3

320 2081 385 2127 Dum
396 2078 478 2141 pecori
488 2080 572 2141 lupus,
584 2086 610 2126 et
620 2078 701 2127 nautis
711 2078 814 2126 infestus
827 2076 905 2126 Orion

384 2168 505 2215 linbaret
515 2167 645 2215 hibernum
657 2180 735 2227 mare,

321 2258 483 2317 intonsosque
493 2255 596 2316 agitaret
605 2255 728 2318 Apollinis
740 2267 800 2304 aura
810 2250 919 2315 capillos,

386 2346 449 2393 Fore
459 2346 525 2393 hunc
537 2359 646 2394 amorem
659 2352 780 2393 mutuum.

324 2433 347 2483 0
359 2434 466 2482 dolitura
475 2449 530 2483 mea
541 2437 646 2484 multum
656 2435 756 2494 virtute,
768 2435 855 2481 Neaera
865 2451 873 2493 ;

388 2524 452 2570 Nam
465 2522 486 2570 si
497 2523 557 2584 quid
566 2523 592 2571 in
604 2524 690 2572 Flsoco
701 2522 748 2571 viii
759 2528 806 2581 est,

326 2612 383 2659 Non
394 2610 457 2659 ieret
466 2610 574 2659 assiduas
586 2611 676 2673 potiori
686 2618 711 2659 te
721 2611 779 2659 dure
790 2615 884 2667 noctes,

387 2701 420 2747 Et
430 2708 523 2761 qureret
533 2700 611 2749 iratus
622 2714 705 2763 parem
714 2721 722 2763 ;

279 2778 285 2794 “
323 2790 376 2837 Nec
387 2790 463 2837 semel
474 2790 573 2837 offensae
584 2788 653 2837 cedet
664 2786 802 2835 constantis
812 2787 908 2844 formo,

306 2878 309 2882 ’
388 2876 415 2925 Si
426 2883 507 2925 certus
517 2876 616 2925 intrarit
626 2876 706 2924 dolor.

323 2968 358 3015 At
368 2972 406 3026 tn,
417 2965 554 3027 quicunque
565 2979 591 3013 es
603 2964 707 3024 felicior,
720 2970 791 3026 atque
801 2959 856 3012 meo
867 2974 931 3011 nuuc

389 3054 512 3117 Superbus
524 3052 615 3103 incedis
627 3054 703 3113 malo,
