2192 3742
319 485 504 536 CARMINUM
521 488 585 537 ule.
603 490 648 538 ΠΙ.
664 492 740 541 xxvii.

261 612 376 661 Hostium
385 628 476 664 uxores
486 616 604 679 puerique
615 634 692 669 cecos

259 700 371 749 Sentiaut
380 710 463 752 motus
474 704 576 754 orientis
588 707 684 767 Austri,
696 715 722 757 et

259 788 375 850 AEquoris
386 790 450 852 nigri
460 792 596 854 fremitum,
608 802 633 845 et
644 794 774 847 trementis

388 880 495 929 Verbere
506 880 579 944 ripas.

259 1066 300 1115 Sic
310 1074 335 1115 et
346 1068 444 1130 Europe
455 1068 553 1118 niveum
565 1070 651 1121 doloso

260 1156 369 1205 Credidit
379 1164 450 1206 tauro
461 1158 537 1219 letus,
548 1167 574 1209 et
585 1168 716 1211 scatentem

258 1244 341 1293 Beluis
352 1252 456 1308 pentum
469 1249 608 1312 medimque
619 1252 715 1301 fraudes
759 1287 761 1292 -

389 1336 480 1385 Palluit
489 1338 577 1387 audax.

178 1559 180 1562 ,
259 1509 342 1571 Nuper
353 1509 378 1557 iu
390 1510 467 1573 pratis
480 1513 591 1562 studiose
602 1514 701 1575 florum,
713 1524 738 1564 et

258 1596 350 1646 Debitae
362 1584 482 1662 Nymphis
493 1601 576 1663 opifex
588 1586 696 1664 corones,

259 1686 337 1733 Nocte
348 1687 465 1736 sublustri
476 1688 538 1736 nihil
550 1697 616 1738 estre
626 1700 714 1753 preter

388 1775 455 1825 Vidit
465 1784 490 1825 et
500 1778 592 1827 undas:

260 1945 319 1997 Quoe
331 1945 406 1994 simul
416 1956 514 1999 eentum
525 1951 604 2013 tetigit
614 1959 737 2014 potentem

259 2032 361 2095 Oppidis
374 2036 720 2102 Creteu,Pater,0relictu1n

259 2122 326 2173 Filiae
337 2140 439 2187 nomeu,
447 2128 583 2200 pietasque,
595 2132 667 2193 dixit,

387 2216 457 2265 Vrcta
467 2218 551 2267 furore
562 2223 568 2268 !

261 2385 351 2434 Uude?
371 2403 420 2449 quo
430 2390 505 2439 veni?
524 2392 584 2441 levis
597 2408 645 2443 uua
656 2410 722 2445 mors
734 2404 770 2446 est

260 2473 388 2535 Virginum
398 2479 484 2541 eulpae.
516 2481 738 2547 nglansueploro

180 2546 186 2553 ’
259 2563 341 2626 Ἧιφε
353 2567 531 2618 commissum?
550 2585 580 2619 an
594 2572 658 2621 vitiis
670 2582 791 2623 carentem

388 2657 462 2707 Ludit
471 2658 551 2720 imago

260 2824 338 2884 Vana,
350 2842 404 2888 quae
414 2839 485 2892 porta
495 2832 590 2892 fugiens
601 2834 694 2882 ebuma

260 2913 389 2965 Somnium
397 2917 484 2969 ducit?
503 2920 623 2970 meliusne
634 2922 721 2971 fluctus

261 2984 299 3077 Ire
309 3018 353 3066 per
363 3006 449 3067 longos
462 3008 517 3067 fuit,
530 3023 561 3057 an
574 3017 681 3059 recentes

391 3096 495 3159 Carpere
507 3098 599 3147 flores?

809 530 813 537 .
872 493 917 542 115
