2192 3742
433 489 464 544 Q·
482 489 621 540 HORA'l'll
638 489 756 540 mccl

293 619 462 665 Decertuntem
473 615 648 678 Aquilonibus,

325 704 377 752 Nec
387 701 469 754 tristes
482 703 589 767 Hyades,
601 718 647 754 uec
656 703 748 754 rabiem
759 705 838 766 Noti;

292 793 348 844 Quo
360 803 410 838 non
421 789 510 840 arbiter
520 790 604 842 Auris

324 878 416 937 Major,
426 877 514 926 tollere
525 891 569 926 seu
580 891 672 940 ponere
682 879 736 929 vult
746 880 816 928 bete.

292 967 372 1018 Quem
384 963 471 1013 mortis
481 963 564 1014 timuit
574 966 686 1028 gradum

324 1049 374 1106 Qun
385 1049 454 1100 sioels
465 1052 543 1102 oeulis
554 1061 664 1104 monstra
674 1053 793 1114 ualentis,

291 1138 341 1192 Qui
351 1137 412 1188 vidit
423 1151 490 1188 mere
500 1140 637 1202 turbidum,
647 1149 673 1190 et
764 1155 767 1160 ·

323 1227 429 1278 Insanos
441 1230 565 1292 scopulos,
576 1231 775 1281 Ammonis?

292 1315 471 1377 Nsoquicquam
483 1319 550 1368 Deus
560 1318 663 1368 ansulis

324 1403 433 1452 Prudens
446 1403 544 1454 Ooenuo
556 1403 704 1455 dissociabili

290 1492 390 1550 Terras,
402 1489 423 1539 si
434 1499 515 1540 tamen
525 1491 608 1556 impias

323 1581 381 1628 Non
392 1581 512 1642 tangenda
522 1589 586 1630 retes
597 1582 738 1633 transiliunt
748 1584 816 1633 vaus

290 1669 385 1716 Aunnx
396 1667 480 1716 omnia
489 1667 584 1732 perpeti
815 1685 818 1690 ·

323 1758 389 1806 Gens
399 1758 507 1808 humane
517 1759 568 1809 ruit
578 1774 622 1823 per
632 1761 733 1811 vetitum
745 1763 820 1812 nefas.

290 1845 379 1894 Audax
391 1846 467 1910 Iapeti
478 1862 555 1909 genus

323 1934 407 1993 Ignem
418 1933 504 1982 frende
514 1936 581 1983 mals
589 1933 700 1996 gentibus
711 1934 808 1985 intulit:

292 2021 351 2068 Post
362 2018 443 2080 ignem
454 2021 556 2070 aetheris
565 2022 639 2070 domo

322 2107 484 2168 subductum,
496 2107 585 2157 macies
596 2116 622 2158 et
633 2123 696 2158 nove
706 2107 811 2157 febrium

290 2195 373 2242 'ferris
385 2194 495 2243 incubuit
505 2196 611 2258 eohors3
664 2190 667 2195 ’

322 2281 462 2345 Semotique
473 2282 541 2345 prius
552 2284 623 2333 turdo
633 2284 762 2334 uoeessites

292 2371 344 2420 Leti
355 2371 474 2434 corripuit
484 2372 595 2433 gradum.

321 2459 442 2522 Expertus
454 2473 557 2509 vacuum
568 2460 683 2510 Daedalus
694 2469 750 2509 uera

290 2546 379 2595 Pennis
391 2561 442 2595 non
454 2546 550 2596 homini
561 2547 631 2597 detis.

322 2635 435 2698 Perrupit
445 2635 586 2686 Acheronte
597 2639 732 2688 Herculeus
742 2639 820 2686 labor.

289 2723 332 2772 Nil
345 2725 487 2774 mortalibus
498 2725 602 2775 arduum
614 2734 665 2776 est:

322 2813 419 2862 Coelum
431 2813 511 2876 ipsum
522 2814 628 2877 petimus
640 2813 759 2877 stultitia3
777 2828 854 2876 neque

289 2903 336 2950 Per
347 2910 459 2952 nostum
469 2902 577 2966 patimur
591 2904 670 2951 scelus

321 2991 440 3042 iracunda
449 2994 537 3043 lovem
548 3005 639 3055 ponere
650 2990 762 3040 fulmina.
