2192 3742
371 490 413 536 DE
431 489 518 538 ARTE
536 489 708 566 pourton
880 493 928 541 327

126 614 236 664 Reddere
247 614 289 677 qui
300 630 370 666 vocet
377 617 430 676 jam
441 615 487 666 scit
497 630 569 678 puer,
581 624 607 666 et
616 616 677 678 pede
686 624 754 666 certo

126 703 213 766 Signat
223 705 337 765 humum,
349 705 422 766 gestit
432 705 529 767 paribus
540 706 676 767 colludere,
687 715 713 756 ct
721 706 783 756 irem

127 792 229 854 Colligit
240 807 268 842 ac
279 794 348 856 ponit
358 802 460 855 temere,
471 802 497 844 et
508 803 616 844 mutatu
627 794 653 842 in
664 796 746 845 horas.

126 883 254 931 imberbes
261 883 369 942 juvenis,
380 883 479 932 tandem
488 884 588 932 custode
599 891 704 945 remoto,

127 970 224 1018 Gaudet
235 971 303 1031 equis
313 970 460 1032 canibusque
471 979 496 1032 et
506 972 581 1034 apriti
590 973 699 1034 minine
709 972 804 1036 careph

128 1060 220 1108 Cereus
232 1060 257 1108 in
267 1060 354 1108 vitium
365 1060 441 1120 flecti,
453 1061 615 1110 monitoribus
624 1075 705 1125 anper,

128 1147 235 1196 Utilium
247 1148 330 1196 tardus
341 1148 462 1210 provisor,
475 1149 590 1210 prodigus
600 1148 667 1209 nris,

127 1236 257 1295 Sublimis,
267 1237 426 1299 cupidusque,
437 1247 462 1288 et
472 1246 553 1286 amata
562 1237 701 1299 relinquere
711 1237 806 1300 pernix.

128 1325 259 1374 Conversis
271 1327 368 1386 studiis,
380 1334 438 1374 aetas
451 1326 595 1387 animusque
606 1325 684 1374 virilis

37 1457 43 1468 ,
128 1413 224 1467 Quaerit
235 1428 292 1477 oper
304 1421 329 1462 et
340 1413 468 1473 amicitias,
481 1414 583 1462 inservit
592 1414 693 1473 honori,

129 1501 289 1551 Commisisee
299 1509 367 1550 cavet
376 1501 442 1564 quod
454 1517 513 1551 mox
524 1509 619 1552 mutare
629 1503 731 1550 laboret.

126 1584 209 1632 Multa
219 1597 303 1632 senem
313 1583 505 1633 circumveniunt
516 1584 688 1646 incommoda;
705 1584 742 1634 vel
755 1584 820 1646 quod

128 1673 234 1732 Querit,
245 1680 270 1720 et
281 1672 385 1722 inventis
397 1672 471 1723 miser
482 1671 598 1732 abstinet,
610 1687 638 1722 ac
647 1673 718 1722 timet
728 1672 783 1734 uti3

129 1763 175 1810 Vel
186 1761 252 1823 quod
263 1775 302 1810 res
313 1774 398 1812 omnes
410 1759 494 1808 timide
502 1760 627 1822 gelideque
638 1759 771 1821 ministrat,

130 1849 237 1909 Dilmun,
249 1863 291 1912 spe
302 1851 400 1909 longus,
413 1848 489 1907 iners,
501 1846 631 1908 avidusque
641 1848 729 1908 futui,

129 1938 251 1997 Difficilis,
263 1939 390 2000 querulus,
401 1937 513 1986 laudator
524 1935 641 1999 temporis
650 1936 698 1984 acti

130 2029 162 2076 Se
173 2041 260 2089 puero,
272 2040 358 2074 censor
370 2024 546 2086 castigatorque
557 2024 690 2074 minorum.

130 2116 212 2164 Multa
223 2114 306 2162 imunt
317 2114 376 2162 anni
386 2114 510 2162 venientes
521 2113 755 2173 commoda-aecum,

130 2204 212 2253 Multa
222 2202 361 2251 recedentes
372 2202 497 2252 adimunt:
515 2215 546 2274 ne
556 2202 620 2250 forte
632 2201 720 2271 senilea

130 2292 281 2342 Mandeutnr
290 2291 372 2351 juveni
384 2297 474 2353 partes,
485 2305 609 2353 pueroque
620 2290 712 2351 viriles,

130 2382 231 2442 Semper
242 2379 268 2427 in
277 2378 397 2439 adjunctis
409 2391 507 2440 aevoque
517 2361 669 2429 morabimur
679 2377 750 2442 aptis.

131 2471 182 2517 Aut
194 2467 272 2528 agitur
285 2480 324 2515 res
335 2467 361 2514 in
373 2466 462 2528 scenis,
474 2473 516 2515 aut
527 2474 581 2516 acta
590 2467 709 2516 refertum

132 2556 234 2616 Segnius
246 2554 343 2602 irritant
354 2555 448 2603 animoa
460 2554 566 2606 demissa
575 2569 619 2618 per
631 2568 725 2615 aurern,

133 2647 214 2698 Quam
225 2657 278 2705 quae
290 2649 347 2690 sunt
358 2642 435 2690 oculis
448 2644 556 2704 subjecta
566 2643 689 2704 fidelibus,
701 2652 726 2692 et
737 2658 789 2705 que

134 2734 187 2795 ipse
199 2730 245 2779 sibi
257 2729 330 2778 tradit
342 2736 469 2792 spectator.
503 2731 561 2778 Non
573 2738 655 2780 temen
667 2730 733 2780 intur

132 2799 213 2880 Digna
222 2818 284 2880 geri,
296 2832 392 2881 promes
404 2818 430 2866 in
441 2831 555 2879 scenam
573 2820 697 2880 multaque
707 2820 779 2870 tollen

133 2910 172 2956 Ex
184 2906 272 2967 oculu,
284 2921 337 2968 qua
349 2921 408 2956 mox
418 2915 501 2972 narret
511 2906 624 2956 facundia
633 2922 754 2971 precem:

136 2997 187 3046 Nec
199 3008 287 3057 pueros
298 3008 381 3044 coram
392 2996 482 3058 populo
496 2995 583 3044 Medea
592 2996 707 3059 trucidet,

138 3085 188 3132 Aut
199 3084 307 3130 humana
317 3082 397 3144 palam
408 3089 496 3144 coquat
506 3089 564 3131 exta
574 3084 681 3133 nefarius
691 3087 791 3145 Atreus,
