2192 3742
299 496 536 547 EPISTOLARUM
555 497 618 545 ΜΒ.
634 497 655 544 1.
671 495 723 544 xix.

109 616 764 686 ouramrnuatumgqtnaoestrruutamsms
936 652 940 658 .

89 755 91 759 ,
109 714 177 768 Quid
184 727 244 776 pure
254 713 406 774 tranquillet,
418 713 508 772 honos,
519 726 551 760 an
561 712 766 771 dolositatum,

107 803 150 851 An
161 809 281 851 secretum
292 802 338 850 iter
350 809 375 850 et
385 803 492 851 fallentis
504 803 591 850 semita
599 802 674 851 ritae?

108 890 153 938 Me
164 889 258 952 quoties
270 888 347 936 reficit
357 888 448 948 gelidus
460 889 573 950 Digentia
583 889 659 948 rivus,

108 980 190 1033 Quem
197 975 313 1026 Mandela
323 976 395 1035 bibit,
406 991 507 1036 rugosus
519 967 611 1036 frigore
621 991 694 1039 pagus
703 997 711 1040 ς

108 1065 176 1121 Quid
185 1065 277 1114 sentire
287 1067 376 1127 putus?
395 1063 453 1125 quid
464 1064 553 1124 eredis,
564 1065 651 1124 amice,
660 1066 772 1128 predari?

108 1154 147 1204 Sit
159 1153 219 1201 mihi
230 1135 296 1214 quod
307 1167 371 1200 nunc
382 1159 435 1214 est3
453 1152 526 1200 etiam
538 1152 632 1202 minus:
645 1161 671 1202 et
681 1153 743 1202 mihi
753 1153 832 1203 vivam

109 1242 183 1298 Quod
193 1249 303 1304 superest
312 1240 367 1300 aevi,
379 1240 400 1289 si
412 1239 470 1301 quid
480 1255 605 1302 superesse
614 1243 701 1291 volunt
711 1241 757 1291 Di:

108 1330 148 1380 Sit
159 1332 224 1380 bona
231 1331 351 1378 librorum
361 1337 387 1378 et
398 1328 499 1392 provise
511 1329 587 1390 frugis
598 1329 624 1377 in
637 1343 728 1378 annum

110 1418 204 1482 Copia;
221 1432 269 1467 neu
281 1399 374 1468 fluitem
386 1416 465 1466 dubiae
477 1431 519 1480 spe
530 1417 649 1480 pendulus
660 1419 737 1466 hora.

109 1507 159 1556 Sed
169 1507 227 1556 satis
235 1515 273 1556 est
283 1521 354 1555 orare
364 1507 452 1556 iorem
464 1521 518 1568 quas
530 1493 605 1555 donat
615 1513 640 1553 et
650 1506 742 1553 aufert:

107 1597 157 1646 Det
166 1596 251 1656 vitam,
263 1596 304 1644 det
314 1609 385 1658 opes:
403 1610 500 1658 aequunr
511 1595 545 1643 mi
556 1595 666 1644 animum
678 1595 730 1658 ipse
739 1596 838 1657 parabo.

382 1885 545 1934 EPISTOLA
567 1886 636 1934 xix.

397 2057 432 2090 Ali
448 2054 627 2091 sistentiam.

106 2205 206 2251 Prusco
216 2191 340 2262 alcredus,
352 2205 473 2252 Macenas
485 2203 566 2263 docte,
579 2203 691 2264 Cratino,

108 2291 186 2339 Nulla
196 2291 290 2354 placere
301 2291 343 2339 diu
355 2305 399 2339 nec
409 2291 489 2340 vivere
500 2292 609 2340 carmina
618 2300 730 2354 possunt,

107 2381 169 2433 Quae
181 2379 319 2428 scribuntur
330 2393 398 2441 aquae
410 2379 549 2441 potoribus:
566 2387 595 2428 ut
605 2381 670 2428 male
679 2393 752 2428 sanos

106 2466 245 2530 Adscripsit
252 2467 323 2515 Liber
336 2466 428 2528 Satyris
440 2465 576 2528 Faunisque
586 2471 681 2528 poetas,

106 2553 173 2602 Vina
185 2554 236 2602 fere
247 2553 330 2602 dulces
342 2554 458 2602 oluerunt
470 2568 540 2608 uisne
553 2553 685 2604 Camoe'nae.
775 2564 778 2567 ·

107 2640 231 2692 Laudibus
243 2641 351 2701 arguitur
362 2642 414 2690 vini
422 2643 521 2692 vinosus
534 2645 670 2692 Homerus:

108 2728 205 2777 Ennius
218 2728 269 2792 ipse
281 2736 349 2791 pater
360 2717 484 2791 nunquam
495 2731 542 2778 nisi
556 2739 627 2793 potus
638 2731 669 2780 ad
680 2746 749 2782 arma

108 2816 229 2866 Prosiluit
238 2817 347 2866 dicenda.
380 2819 399 2844 “
412 2819 502 2866 Forum
513 2820 641 2882 pumlque
652 2820 757 2869 Libonis

108 2907 129 2934 ‘⁴
140 2904 265 2953 Mandabo
277 2905 357 2965 siccis,
370 2905 474 2954 adimam
484 2914 582 2956 cauare
593 2906 710 2959 severis.”

108 2994 163 3042 Hoc
174 2993 247 3042 simul
259 2993 345 3053 edixit,
356 3009 407 3042 non
418 3009 539 3044 cessavere
551 2993 631 3059 poem

107 3084 237 3131 Noeturno
249 3086 342 3132 certare
353 3096 432 3143 tuero,
443 3091 526 3146 putere
537 3083 635 3135 diurno.

862 499 910 546 299
