2192 3742
224 480 271 530 tto

456 485 487 537 Q
505 484 647 533 HORATll
664 486 782 537 fuscor

355 612 547 661 Cruore‘rubros
558 614 678 663 obstetrix
689 628 783 677 pannos
795 616 861 676 lavit,

353 703 482 765 Utcunque
493 702 564 751 fortis
575 703 660 752 exsilis
671 719 795 769 puerpera.

568 862 685 898 CANlDlA.

384 991 455 1043 Qoro
464 987 582 1037 obseratis
593 988 691 1038 auribus
703 988 784 1038 fundis
796 994 892 1053 preces?

352 1079 410 1125 Non
421 1091 481 1127 saxa
490 1076 563 1125 nudis
576 1077 688 1126 surdiora
700 1078 787 1128 navitis

352 1168 482 1229 Neptunus
493 1166 543 1214 alto
555 1166 637 1215 tundit
647 1166 764 1215 hibernus
777 1168 836 1215 salo.

351 1256 447 1303 inultus
457 1263 523 1303 utto
533 1254 617 1302 riseris
630 1254 737 1317 Cotyttia

350 1343 463 1404 Vulgata,
474 1350 570 1391 sacrum
581 1343 653 1414 liberi
666 1342 793 1406 Cupidinis
804 1346 814 1391 ἓ

350 1429 382 1480 Et
393 1432 514 1494 Esquilini
527 1432 642 1480 Pontifex
653 1432 753 1480 venefici

351 1510 453 1585 lmpdne
463 1530 491 1571 ut
503 1524 596 1572 Urbem
608 1522 708 1571 nomine
719 1521 827 1584 impleris
840 1524 911 1569 meo?

350 1611 415 1665 Quid
426 1612 541 1675 proderat
552 1611 641 1660 ditasse
654 1612 766 1672 Pelignus
778 1626 849 1671 anus,

349 1700 492 1749 velociusve
503 1700 630 1749 miscuisse
641 1700 769 1747 toxicum?

350 1788 398 1837 Sed
408 1789 517 1839 tardiora
527 1789 578 1836 iata
588 1796 613 1836 te
623 1787 685 1835 votis
698 1796 805 1835 manent.

351 1879 448 1937 Ingrata
458 1876 548 1925 misero
559 1876 609 1923 vita
620 1874 729 1923 ducenda
740 1883 787 1934 est,
799 1874 825 1922 in
836 1874 891 1933 hoc,

350 1964 426 2011 Novis
435 1971 550 2025 utusque
562 1970 673 2025 suppetas
685 1962 819 2011 doloribus.

349 2052 425 2115 Optat
436 2052 542 2114 quietern
555 2050 652 2114 Pelopis
664 2051 753 2099 infidus
764 2060 843 2114 pater,

348 2141 428 2204 Egens
438 2139 550 2200 benigna
560 2133 679 2187 Tantalus
691 2153 785 2201 semper
796 2139 863 2201 dapis
872 2159 880 2201 ς

351 2227 427 2290 Optat
438 2228 599 2275 Prometheus
611 2227 730 2289 obligatus
743 2228 795 2276 aliti
806 2248 814 2290 ;

347 2317 422 2379 Optat
433 2330 546 2379 supremo
558 2317 680 2365 collocare
692 2317 808 2379 Sisyphus
824 2383 828 2389 ἢ

347 2407 376 2454 In
387 2413 471 2454 monte
482 2418 584 2468 saxum
602 2406 645 2453 sed
656 2412 738 2453 vetant
749 2408 813 2466 leges
825 2406 841 2455 J
843 2405 901 2454 ovis.

347 2495 420 2541 Voles
431 2493 506 2542 modo
517 2494 574 2543 altis
584 2493 682 2543 desilire
694 2494 812 2553 turribus,

348 2581 424 2630 Modo
435 2595 493 2629 ense
504 2589 587 2644 pectus
600 2581 692 2631 Norico
703 2581 843 2643 recludere;

346 2672 493 2731 Fnrstraque
502 2670 583 2719 vincla
594 2671 686 2731 gutturi
698 2677 780 2720 nectes
791 2678 845 2729 tuo,

347 2759 481 2810 Fastidiose
490 2758 568 2808 tristis
579 2760 728 2821 agrimonia.

346 2849 465 2897 vectabor
474 2847 583 2897 humeris
594 2855 653 2897 tunc
665 2862 709 2909 ego
721 2846 825 2897 inimicis
836 2862 923 2910 eques;

345 2939 456 2998 Meoeque
465 2944 532 2987 terra
541 2938 611 2986 cedet
622 2938 768 2987 insolentiae.

346 3028 385 3073 An
397 3041 450 3087 quae
461 3041 559 3076 movere
569 3042 650 3077 cereas
662 3026 792 3088 imagines,
