<?xml version="1.0" encoding="UTF-8"?>
<!DOCTYPE html PUBLIC "-//W3C//DTD XHTML 1.0 Transitional//EN"
    "http://www.w3.org/TR/xhtml1/DTD/xhtml1-transitional.dtd">
<html xmlns="http://www.w3.org/1999/xhtml" xml:lang="en" lang="en">
 <head>
  <title>
</title>
<meta http-equiv="Content-Type" content="text/html;charset=utf-8" />
  <meta name='ocr-system' content='tesseract 3.04.00' />
  <meta name='ocr-capabilities' content='ocr_page ocr_carea ocr_par ocr_line ocrx_word'/>
</head>
<body>
  <div class='ocr_page' id='page_1' title='image "./opera01gesngoog_0295.png"; bbox 0 0 2192 3742; ppageno 0'>
   <div class='ocr_carea' id='block_1_1' title="bbox 309 464 722 517">
    <p class='ocr_par' dir='ltr' id='par_1_1' title="bbox 309 464 722 517">
     <span class='ocr_line' id='line_1_1' title="bbox 309 464 722 517; baseline -0.005 -1"><span class='ocrx_word' id='word_1_1' title='bbox 309 465 550 517; x_wconf 83' lang='lat' dir='ltr'>EPISTOLARUM</span> <span class='ocrx_word' id='word_1_2' title='bbox 571 466 633 515; x_wconf 83' lang='lat' dir='ltr'><strong>LIB.</strong></span> <span class='ocrx_word' id='word_1_3' title='bbox 651 466 670 514; x_wconf 87' lang='lat' dir='ltr'><strong>l.</strong></span> <span class='ocrx_word' id='word_1_4' title='bbox 686 464 722 514; x_wconf 84' lang='lat' dir='ltr'><strong>xi.</strong></span> 
     </span>
    </p>
   </div>
   <div class='ocr_carea' id='block_1_2' title="bbox 108 593 732 748">
    <p class='ocr_par' dir='ltr' id='par_1_2' title="bbox 108 593 732 748">
     <span class='ocr_line' id='line_1_2' title="bbox 110 593 732 660; baseline -0.003 -16"><span class='ocrx_word' id='word_1_5' title='bbox 110 597 175 645; x_wconf 83' lang='lat' dir='ltr'><strong>Haec</strong></span> <span class='ocrx_word' id='word_1_6' title='bbox 185 594 230 660; x_wconf 76' lang='lat' dir='ltr'><strong>tibi</strong></span> <span class='ocrx_word' id='word_1_7' title='bbox 241 593 361 644; x_wconf 79' lang='lat' dir='ltr'><strong>dictabam</strong></span> <span class='ocrx_word' id='word_1_8' title='bbox 371 602 428 657; x_wconf 87' lang='lat' dir='ltr'><strong>post</strong></span> <span class='ocrx_word' id='word_1_9' title='bbox 438 596 522 644; x_wconf 74' lang='lat' dir='ltr'><strong>fautum</strong></span> <span class='ocrx_word' id='word_1_10' title='bbox 532 601 604 656; x_wconf 87' lang='lat' dir='ltr'><strong>putre</strong></span> <span class='ocrx_word' id='word_1_11' title='bbox 615 596 732 653; x_wconf 75' lang='lat' dir='ltr'><strong>Vacunae,</strong></span> 
     </span>
     <span class='ocr_line' id='line_1_3' title="bbox 108 683 721 748; baseline -0.005 -14"><span class='ocrx_word' id='word_1_12' title='bbox 108 686 223 748; x_wconf 86' lang='lat' dir='ltr'><strong>Excepto</strong></span> <span class='ocrx_word' id='word_1_13' title='bbox 234 685 299 748; x_wconf 89' lang='lat' dir='ltr'><strong>quod</strong></span> <span class='ocrx_word' id='word_1_14' title='bbox 310 699 360 734; x_wconf 88' lang='lat' dir='ltr'><strong>uon</strong></span> <span class='ocrx_word' id='word_1_15' title='bbox 373 684 445 733; x_wconf 89' lang='lat' dir='ltr'><strong>simul</strong></span> <span class='ocrx_word' id='word_1_16' title='bbox 457 697 532 744; x_wconf 88' lang='lat' dir='ltr'><strong>esses,</strong></span> <span class='ocrx_word' id='word_1_17' title='bbox 544 691 632 732; x_wconf 75' lang='lat' dir='ltr'><strong>uetera</strong></span> <span class='ocrx_word' id='word_1_18' title='bbox 642 683 721 732; x_wconf 75' lang='lat' dir='ltr'><strong>letus.</strong></span> 
     </span>
    </p>
   </div>
   <div class='ocr_carea' id='block_1_3' title="bbox 405 969 624 1019">
    <p class='ocr_par' dir='ltr' id='par_1_3' title="bbox 405 969 624 1019">
     <span class='ocr_line' id='line_1_4' title="bbox 405 969 624 1019; baseline -0.005 -2"><span class='ocrx_word' id='word_1_19' title='bbox 405 969 568 1019; x_wconf 73' lang='lat' dir='ltr'><strong>EPISTOLA</strong></span> <span class='ocrx_word' id='word_1_20' title='bbox 579 969 624 1017; x_wconf 83' lang='lat' dir='ltr'><strong>xl.</strong></span> 
     </span>
    </p>
   </div>
   <div class='ocr_carea' id='block_1_4' title="bbox 408 1145 620 1183">
    <p class='ocr_par' dir='ltr' id='par_1_4' title="bbox 408 1145 620 1183">
     <span class='ocr_line' id='line_1_5' title="bbox 408 1145 620 1183; baseline 0.009 -3"><span class='ocrx_word' id='word_1_21' title='bbox 408 1146 443 1180; x_wconf 74' lang='lat' dir='ltr'><strong>Ab</strong></span> <span class='ocrx_word' id='word_1_22' title='bbox 460 1145 620 1183; x_wconf 73' lang='lat' dir='ltr'><strong>nouau&#39;rwut.</strong></span> 
     </span>
    </p>
   </div>
   <div class='ocr_carea' id='block_1_5' title="bbox 82 1293 832 2947">
    <p class='ocr_par' dir='ltr' id='par_1_5' title="bbox 111 1293 754 1359">
     <span class='ocr_line' id='line_1_6' title="bbox 111 1293 754 1359; baseline -0.002 -15"><span class='ocrx_word' id='word_1_23' title='bbox 111 1297 185 1349; x_wconf 84' lang='lat' dir='ltr'><strong>Qum</strong></span> <span class='ocrx_word' id='word_1_24' title='bbox 195 1293 239 1344; x_wconf 92' lang='lat' dir='ltr'><strong>tibi</strong></span> <span class='ocrx_word' id='word_1_25' title='bbox 251 1294 302 1344; x_wconf 85' lang='lat' dir='ltr'><strong>viso</strong></span> <span class='ocrx_word' id='word_1_26' title='bbox 311 1294 399 1356; x_wconf 82' lang='lat' dir='ltr'><strong>Chios,</strong></span> <span class='ocrx_word' id='word_1_27' title='bbox 411 1295 514 1355; x_wconf 86' lang='lat' dir='ltr'><strong>Bullati,</strong></span> <span class='ocrx_word' id='word_1_28' title='bbox 526 1303 632 1359; x_wconf 85' lang='lat' dir='ltr'><strong>notaque</strong></span> <span class='ocrx_word' id='word_1_29' title='bbox 643 1297 754 1345; x_wconf 80' lang='lat' dir='ltr'>Lesbos?</span> 
     </span>
    </p>

    <p class='ocr_par' dir='ltr' id='par_1_6' title="bbox 109 1382 832 1535">
     <span class='ocr_line' id='line_1_7' title="bbox 109 1382 780 1445; baseline -0.003 -12"><span class='ocrx_word' id='word_1_30' title='bbox 109 1382 179 1440; x_wconf 80' lang='lat' dir='ltr'><strong>Quid</strong></span> <span class='ocrx_word' id='word_1_31' title='bbox 189 1383 308 1434; x_wconf 82' lang='lat' dir='ltr'><strong>conchma</strong></span> <span class='ocrx_word' id='word_1_32' title='bbox 320 1385 423 1433; x_wconf 82' lang='lat' dir='ltr'><strong>Samos?</strong></span> <span class='ocrx_word' id='word_1_33' title='bbox 443 1383 501 1444; x_wconf 87' lang='lat' dir='ltr'><strong>quid</strong></span> <span class='ocrx_word' id='word_1_34' title='bbox 513 1383 592 1432; x_wconf 88' lang='lat' dir='ltr'><strong>Croesi</strong></span> <span class='ocrx_word' id='word_1_35' title='bbox 603 1382 668 1445; x_wconf 79' lang='lat' dir='ltr'><strong>regia</strong></span> <span class='ocrx_word' id='word_1_36' title='bbox 678 1382 780 1432; x_wconf 85' lang='lat' dir='ltr'><strong>Sardis?</strong></span> 
     </span>
     <span class='ocr_line' id='line_1_8' title="bbox 109 1463 832 1535; baseline -0.004 -14"><span class='ocrx_word' id='word_1_37' title='bbox 109 1473 216 1535; x_wconf 81' lang='lat' dir='ltr'><strong>Smyrna</strong></span> <span class='ocrx_word' id='word_1_38' title='bbox 227 1472 295 1535; x_wconf 86' lang='lat' dir='ltr'><strong>quid,</strong></span> <span class='ocrx_word' id='word_1_39' title='bbox 307 1481 332 1522; x_wconf 91' lang='lat' dir='ltr'><strong>et</strong></span> <span class='ocrx_word' id='word_1_40' title='bbox 343 1473 491 1534; x_wconf 85' lang='lat' dir='ltr'>Colophon?</span> <span class='ocrx_word' id='word_1_41' title='bbox 511 1474 603 1532; x_wconf 85' lang='lat' dir='ltr'><strong>majora</strong></span> <span class='ocrx_word' id='word_1_42' title='bbox 614 1463 738 1520; x_wconf 80' lang='lat' dir='ltr'><strong>minorave</strong></span> <span class='ocrx_word' id='word_1_43' title='bbox 749 1472 832 1520; x_wconf 79' lang='lat' dir='ltr'><strong>fama?</strong></span> 
     </span>
    </p>

    <p class='ocr_par' dir='ltr' id='par_1_7' title="bbox 82 1545 807 1622">
     <span class='ocr_line' id='line_1_9' title="bbox 82 1545 807 1622; baseline -0.001 -13"><span class='ocrx_word' id='word_1_44' title='bbox 82 1545 84 1550; x_wconf 40' lang='lat'><strong>¹</strong></span> <span class='ocrx_word' id='word_1_45' title='bbox 110 1561 237 1610; x_wconf 85' lang='lat' dir='ltr'><strong>Cunctaue</strong></span> <span class='ocrx_word' id='word_1_46' title='bbox 248 1575 298 1622; x_wconf 79' lang='lat' dir='ltr'><strong>prae</strong></span> <span class='ocrx_word' id='word_1_47' title='bbox 311 1562 403 1622; x_wconf 80' lang='lat' dir='ltr'>Campo</span> <span class='ocrx_word' id='word_1_48' title='bbox 414 1568 439 1609; x_wconf 91' lang='lat' dir='ltr'><strong>et</strong></span> <span class='ocrx_word' id='word_1_49' title='bbox 449 1560 567 1608; x_wconf 77' lang='lat' dir='ltr'><strong>&#39;liberino</strong></span> <span class='ocrx_word' id='word_1_50' title='bbox 577 1560 679 1608; x_wconf 89' lang='lat' dir='ltr'><strong>flumine</strong></span> <span class='ocrx_word' id='word_1_51' title='bbox 689 1559 807 1608; x_wconf 84' lang='lat' dir='ltr'><strong>sordent?</strong></span> 
     </span>
    </p>

    <p class='ocr_par' dir='ltr' id='par_1_8' title="bbox 108 1648 717 1698">
     <span class='ocr_line' id='line_1_10' title="bbox 108 1648 717 1698; baseline 0.002 -2"><span class='ocrx_word' id='word_1_52' title='bbox 108 1650 150 1696; x_wconf 83' lang='lat' dir='ltr'><strong>Au</strong></span> <span class='ocrx_word' id='word_1_53' title='bbox 161 1648 264 1697; x_wconf 89' lang='lat' dir='ltr'><strong>venitin</strong></span> <span class='ocrx_word' id='word_1_54' title='bbox 275 1657 359 1698; x_wconf 88' lang='lat' dir='ltr'><strong>votum</strong></span> <span class='ocrx_word' id='word_1_55' title='bbox 370 1648 482 1698; x_wconf 76' lang='lat' dir='ltr'><strong>Attalicis</strong></span> <span class='ocrx_word' id='word_1_56' title='bbox 492 1663 524 1698; x_wconf 84' lang='lat' dir='ltr'><strong>ex</strong></span> <span class='ocrx_word' id='word_1_57' title='bbox 535 1649 635 1698; x_wconf 87' lang='lat' dir='ltr'><strong>urbibus</strong></span> <span class='ocrx_word' id='word_1_58' title='bbox 646 1652 717 1698; x_wconf 85' lang='lat' dir='ltr'><strong>uua?</strong></span> 
     </span>
    </p>

    <p class='ocr_par' dir='ltr' id='par_1_9' title="bbox 108 1736 754 1800">
     <span class='ocr_line' id='line_1_11' title="bbox 108 1736 754 1800; baseline 0.003 -16"><span class='ocrx_word' id='word_1_59' title='bbox 108 1738 150 1785; x_wconf 83' lang='lat' dir='ltr'><strong>An</strong></span> <span class='ocrx_word' id='word_1_60' title='bbox 163 1736 286 1786; x_wconf 78' lang='lat' dir='ltr'>Lebedum</span> <span class='ocrx_word' id='word_1_61' title='bbox 296 1737 391 1797; x_wconf 84' lang='lat' dir='ltr'><strong>laudas,</strong></span> <span class='ocrx_word' id='word_1_62' title='bbox 403 1737 460 1786; x_wconf 91' lang='lat' dir='ltr'><strong>odio</strong></span> <span class='ocrx_word' id='word_1_63' title='bbox 471 1737 546 1786; x_wconf 86' lang='lat' dir='ltr'><strong>maris</strong></span> <span class='ocrx_word' id='word_1_64' title='bbox 558 1745 629 1800; x_wconf 87' lang='lat' dir='ltr'><strong>atque</strong></span> <span class='ocrx_word' id='word_1_65' title='bbox 639 1737 733 1786; x_wconf 87' lang='lat' dir='ltr'><strong>viarum</strong></span> <span class='ocrx_word' id='word_1_66' title='bbox 744 1740 754 1786; x_wconf 76' lang='grc' dir='ltr'><strong><em>ἓ</em></strong></span> 
     </span>
    </p>

    <p class='ocr_par' dir='ltr' id='par_1_10' title="bbox 109 1823 736 1888">
     <span class='ocr_line' id='line_1_12' title="bbox 109 1823 736 1888; baseline 0 -14"><span class='ocrx_word' id='word_1_67' title='bbox 109 1823 174 1885; x_wconf 87' lang='lat' dir='ltr'><strong>Scis,</strong></span> <span class='ocrx_word' id='word_1_68' title='bbox 187 1825 295 1874; x_wconf 83' lang='lat' dir='ltr'><strong>Lebedus</strong></span> <span class='ocrx_word' id='word_1_69' title='bbox 306 1825 365 1887; x_wconf 90' lang='lat' dir='ltr'><strong>quid</strong></span> <span class='ocrx_word' id='word_1_70' title='bbox 376 1825 424 1887; x_wconf 89' lang='lat' dir='ltr'><strong>sit;</strong></span> <span class='ocrx_word' id='word_1_71' title='bbox 442 1826 525 1874; x_wconf 81' lang='lat' dir='ltr'><strong>Gabiis</strong></span> <span class='ocrx_word' id='word_1_72' title='bbox 537 1826 654 1875; x_wconf 77' lang='lat' dir='ltr'>desertior</span> <span class='ocrx_word' id='word_1_73' title='bbox 664 1833 736 1888; x_wconf 82' lang='lat' dir='ltr'><strong>atque</strong></span> 
     </span>
    </p>

    <p class='ocr_par' dir='ltr' id='par_1_11' title="bbox 109 1913 663 1977">
     <span class='ocr_line' id='line_1_13' title="bbox 109 1913 663 1977; baseline -0.002 -14"><span class='ocrx_word' id='word_1_74' title='bbox 109 1913 208 1963; x_wconf 78' lang='lat' dir='ltr'><strong>Fidenis</strong></span> <span class='ocrx_word' id='word_1_75' title='bbox 219 1915 304 1977; x_wconf 85' lang='lat' dir='ltr'><strong>vicus;</strong></span> <span class='ocrx_word' id='word_1_76' title='bbox 321 1923 403 1964; x_wconf 85' lang='lat' dir='ltr'><strong>tamen</strong></span> <span class='ocrx_word' id='word_1_77' title='bbox 413 1914 464 1963; x_wconf 87' lang='lat' dir='ltr'><strong>illic</strong></span> <span class='ocrx_word' id='word_1_78' title='bbox 476 1914 555 1974; x_wconf 79' lang='lat' dir='ltr'><strong>vivere</strong></span> <span class='ocrx_word' id='word_1_79' title='bbox 565 1916 663 1975; x_wconf 88' lang='lat' dir='ltr'><strong>vellem,</strong></span> 
     </span>
    </p>

    <p class='ocr_par' dir='ltr' id='par_1_12' title="bbox 110 2001 686 2065">
     <span class='ocr_line' id='line_1_14' title="bbox 110 2001 686 2065; baseline 0 -13"><span class='ocrx_word' id='word_1_80' title='bbox 110 2001 257 2065; x_wconf 78' lang='lat' dir='ltr'><strong>oblitusque</strong></span> <span class='ocrx_word' id='word_1_81' title='bbox 268 2017 389 2064; x_wconf 70' lang='lat' dir='ltr'><strong>meum,</strong></span> <span class='ocrx_word' id='word_1_82' title='bbox 401 2003 578 2055; x_wconf 85' lang='lat' dir='ltr'><strong>obliviscendus</strong></span> <span class='ocrx_word' id='word_1_83' title='bbox 590 2011 615 2052; x_wconf 90' lang='lat' dir='ltr'><strong>et</strong></span> <span class='ocrx_word' id='word_1_84' title='bbox 625 2003 686 2063; x_wconf 87' lang='lat' dir='ltr'><strong>illis,</strong></span> 
     </span>
    </p>

    <p class='ocr_par' dir='ltr' id='par_1_13' title="bbox 109 2091 709 2155">
     <span class='ocr_line' id='line_1_15' title="bbox 109 2091 709 2155; baseline 0.003 -17"><span class='ocrx_word' id='word_1_85' title='bbox 109 2091 252 2154; x_wconf 79' lang='lat' dir='ltr'><strong>Neptunum</strong></span> <span class='ocrx_word' id='word_1_86' title='bbox 264 2094 349 2154; x_wconf 86' lang='lat' dir='ltr'><strong>procul</strong></span> <span class='ocrx_word' id='word_1_87' title='bbox 359 2107 373 2140; x_wconf 95' lang='lat' dir='ltr'><strong>e</strong></span> <span class='ocrx_word' id='word_1_88' title='bbox 384 2100 449 2140; x_wconf 83' lang='lat' dir='ltr'><strong>terra</strong></span> <span class='ocrx_word' id='word_1_89' title='bbox 460 2100 568 2155; x_wconf 84' lang='lat' dir='ltr'><strong>spectare</strong></span> <span class='ocrx_word' id='word_1_90' title='bbox 579 2093 709 2140; x_wconf 85' lang='lat' dir='ltr'><strong>furentem.</strong></span> 
     </span>
    </p>

    <p class='ocr_par' dir='ltr' id='par_1_14' title="bbox 109 2162 787 2242">
     <span class='ocr_line' id='line_1_16' title="bbox 109 2162 787 2242; baseline -0.001 -14"><span class='ocrx_word' id='word_1_91' title='bbox 109 2179 158 2228; x_wconf 86' lang='lat' dir='ltr'><strong>Sed</strong></span> <span class='ocrx_word' id='word_1_92' title='bbox 169 2194 247 2242; x_wconf 88' lang='lat' dir='ltr'><strong>neque</strong></span> <span class='ocrx_word' id='word_1_93' title='bbox 258 2180 300 2242; x_wconf 88' lang='lat' dir='ltr'><strong>qui</strong></span> <span class='ocrx_word' id='word_1_94' title='bbox 312 2169 395 2242; x_wconf 73' lang='lat' dir='ltr'><strong>C&#39;apua</strong></span> <span class='ocrx_word' id='word_1_95' title='bbox 406 2162 509 2230; x_wconf 57' lang='lat' dir='ltr'><strong>ffimam</strong></span> <span class='ocrx_word' id='word_1_96' title='bbox 519 2179 590 2242; x_wconf 86' lang='lat' dir='ltr'><strong>petit,</strong></span> <span class='ocrx_word' id='word_1_97' title='bbox 598 2179 676 2227; x_wconf 88' lang='lat' dir='ltr'><strong>imbre</strong></span> <span class='ocrx_word' id='word_1_98' title='bbox 685 2179 787 2241; x_wconf 88' lang='lat' dir='ltr'><strong>lutoque</strong></span> 
     </span>
    </p>

    <p class='ocr_par' dir='ltr' id='par_1_15' title="bbox 108 2267 693 2331">
     <span class='ocr_line' id='line_1_17' title="bbox 108 2267 693 2331; baseline -0.002 -15"><span class='ocrx_word' id='word_1_99' title='bbox 108 2269 240 2331; x_wconf 80' lang='lat' dir='ltr'><strong>Aspersus,</strong></span> <span class='ocrx_word' id='word_1_100' title='bbox 250 2268 316 2316; x_wconf 91' lang='lat' dir='ltr'><strong>volet</strong></span> <span class='ocrx_word' id='word_1_101' title='bbox 326 2267 352 2316; x_wconf 82' lang='lat' dir='ltr'><strong>iu</strong></span> <span class='ocrx_word' id='word_1_102' title='bbox 363 2281 473 2331; x_wconf 82' lang='lat' dir='ltr'>caupona</span> <span class='ocrx_word' id='word_1_103' title='bbox 482 2267 577 2330; x_wconf 83' lang='lat' dir='ltr'><strong>vivere3</strong></span> <span class='ocrx_word' id='word_1_104' title='bbox 595 2281 640 2317; x_wconf 84' lang='lat' dir='ltr'><strong>nec</strong></span> <span class='ocrx_word' id='word_1_105' title='bbox 652 2267 693 2329; x_wconf 91' lang='lat' dir='ltr'><strong>qui</strong></span> 
     </span>
    </p>

    <p class='ocr_par' dir='ltr' id='par_1_16' title="bbox 109 2354 648 2418">
     <span class='ocr_line' id='line_1_18' title="bbox 109 2354 648 2418; baseline -0.002 -13"><span class='ocrx_word' id='word_1_106' title='bbox 109 2356 195 2418; x_wconf 74' lang='lat' dir='ltr'><strong>Frigus</strong></span> <span class='ocrx_word' id='word_1_107' title='bbox 206 2355 313 2417; x_wconf 81' lang='lat' dir='ltr'><strong>oollegit,</strong></span> <span class='ocrx_word' id='word_1_108' title='bbox 326 2357 411 2404; x_wconf 82' lang='lat' dir='ltr'><strong>furnos</strong></span> <span class='ocrx_word' id='word_1_109' title='bbox 422 2361 447 2404; x_wconf 88' lang='lat' dir='ltr'><strong>et</strong></span> <span class='ocrx_word' id='word_1_110' title='bbox 457 2355 544 2404; x_wconf 84' lang='lat' dir='ltr'><strong>balnea</strong></span> <span class='ocrx_word' id='word_1_111' title='bbox 554 2354 648 2415; x_wconf 84' lang='lat' dir='ltr'><strong>laudat,</strong></span> 
     </span>
    </p>

    <p class='ocr_par' dir='ltr' id='par_1_17' title="bbox 110 2443 803 2508">
     <span class='ocr_line' id='line_1_19' title="bbox 110 2443 803 2508; baseline -0.003 -14"><span class='ocrx_word' id='word_1_112' title='bbox 110 2446 146 2494; x_wconf 93' lang='lat' dir='ltr'><strong>Ut</strong></span> <span class='ocrx_word' id='word_1_113' title='bbox 156 2445 306 2494; x_wconf 81' lang='lat' dir='ltr'><strong>fortunatam</strong></span> <span class='ocrx_word' id='word_1_114' title='bbox 316 2444 388 2508; x_wconf 88' lang='lat' dir='ltr'><strong>plene</strong></span> <span class='ocrx_word' id='word_1_115' title='bbox 398 2443 538 2507; x_wconf 84' lang='lat' dir='ltr'><strong>praestantia</strong></span> <span class='ocrx_word' id='word_1_116' title='bbox 547 2443 640 2506; x_wconf 81' lang='lat' dir='ltr'><strong>vitam3</strong></span> <span class='ocrx_word' id='word_1_117' title='bbox 801 2492 803 2497; x_wconf 86' lang='grc'>,</span> 
     </span>
    </p>

    <p class='ocr_par' dir='ltr' id='par_1_18' title="bbox 110 2532 780 2594">
     <span class='ocr_line' id='line_1_20' title="bbox 110 2532 780 2594; baseline -0.001 -12"><span class='ocrx_word' id='word_1_118' title='bbox 110 2534 172 2594; x_wconf 86' lang='lat' dir='ltr'><strong>Nee,</strong></span> <span class='ocrx_word' id='word_1_119' title='bbox 184 2532 205 2581; x_wconf 90' lang='lat' dir='ltr'><strong>si</strong></span> <span class='ocrx_word' id='word_1_120' title='bbox 215 2541 240 2582; x_wconf 88' lang='lat' dir='ltr'><strong>te</strong></span> <span class='ocrx_word' id='word_1_121' title='bbox 252 2532 344 2581; x_wconf 86' lang='lat' dir='ltr'><strong>validus</strong></span> <span class='ocrx_word' id='word_1_122' title='bbox 352 2533 479 2593; x_wconf 79' lang='lat' dir='ltr'><strong>jactaverit</strong></span> <span class='ocrx_word' id='word_1_123' title='bbox 488 2534 579 2590; x_wconf 70' lang='lat' dir='ltr'><strong>Auster</strong></span> <span class='ocrx_word' id='word_1_124' title='bbox 590 2532 616 2580; x_wconf 86' lang='lat' dir='ltr'><strong>in</strong></span> <span class='ocrx_word' id='word_1_125' title='bbox 627 2533 689 2593; x_wconf 84' lang='lat' dir='ltr'><strong>alto,</strong></span> <span class='ocrx_word' id='word_1_126' title='bbox 777 2548 780 2551; x_wconf 61' lang='lat'>‘</span> 
     </span>
    </p>

    <p class='ocr_par' dir='ltr' id='par_1_19' title="bbox 109 2620 819 2682">
     <span class='ocr_line' id='line_1_21' title="bbox 109 2620 819 2682; baseline 0.001 -14"><span class='ocrx_word' id='word_1_127' title='bbox 109 2620 201 2668; x_wconf 84' lang='lat' dir='ltr'><strong>Idcirco</strong></span> <span class='ocrx_word' id='word_1_128' title='bbox 213 2635 299 2670; x_wconf 80' lang='lat' dir='ltr'><strong>navem</strong></span> <span class='ocrx_word' id='word_1_129' title='bbox 309 2621 498 2682; x_wconf 79' lang='lat' dir='ltr'><strong>trausAEgaeum</strong></span> <span class='ocrx_word' id='word_1_130' title='bbox 510 2634 578 2669; x_wconf 82' lang='lat' dir='ltr'><strong>mare</strong></span> <span class='ocrx_word' id='word_1_131' title='bbox 588 2620 686 2669; x_wconf 83' lang='lat' dir='ltr'><strong>vendas.</strong></span> <span class='ocrx_word' id='word_1_132' title='bbox 817 2666 819 2669; x_wconf 88' lang='lat'>.</span> 
     </span>
    </p>

    <p class='ocr_par' dir='ltr' id='par_1_20' title="bbox 110 2709 773 2772">
     <span class='ocr_line' id='line_1_22' title="bbox 110 2709 773 2772; baseline 0.002 -15"><span class='ocrx_word' id='word_1_133' title='bbox 110 2709 230 2758; x_wconf 87' lang='lat' dir='ltr'><strong>lnoolumi</strong></span> <span class='ocrx_word' id='word_1_134' title='bbox 240 2709 339 2759; x_wconf 87' lang='lat' dir='ltr'>Rhodos</span> <span class='ocrx_word' id='word_1_135' title='bbox 351 2718 377 2758; x_wconf 91' lang='lat' dir='ltr'><strong>et</strong></span> <span class='ocrx_word' id='word_1_136' title='bbox 387 2710 505 2772; x_wconf 84' lang='lat' dir='ltr'><strong>Mitylene</strong></span> <span class='ocrx_word' id='word_1_137' title='bbox 516 2710 618 2771; x_wconf 86' lang='lat' dir='ltr'><strong>pulchra</strong></span> <span class='ocrx_word' id='word_1_138' title='bbox 629 2709 696 2769; x_wconf 84' lang='lat' dir='ltr'><strong>facit,</strong></span> <span class='ocrx_word' id='word_1_139' title='bbox 708 2709 773 2771; x_wconf 93' lang='lat' dir='ltr'><strong>quod</strong></span> 
     </span>
    </p>

    <p class='ocr_par' dir='ltr' id='par_1_21' title="bbox 110 2796 753 2861">
     <span class='ocr_line' id='line_1_23' title="bbox 110 2796 753 2861; baseline -0.005 -14"><span class='ocrx_word' id='word_1_140' title='bbox 110 2799 209 2847; x_wconf 80' lang='lat' dir='ltr'><strong>Paenula</strong></span> <span class='ocrx_word' id='word_1_141' title='bbox 219 2798 334 2859; x_wconf 86' lang='lat' dir='ltr'><strong>solstitio,</strong></span> <span class='ocrx_word' id='word_1_142' title='bbox 346 2805 480 2861; x_wconf 86' lang='lat' dir='ltr'><strong>campestre</strong></span> <span class='ocrx_word' id='word_1_143' title='bbox 491 2796 611 2846; x_wconf 75' lang='lat' dir='ltr'><strong>nivalibus</strong></span> <span class='ocrx_word' id='word_1_144' title='bbox 622 2796 698 2858; x_wconf 81' lang='lat' dir='ltr'><strong>auris,</strong></span> <span class='ocrx_word' id='word_1_145' title='bbox 748 2815 753 2823; x_wconf 92' lang='lat'><strong>·</strong></span> 
     </span>
    </p>

    <p class='ocr_par' dir='ltr' id='par_1_22' title="bbox 109 2884 716 2947">
     <span class='ocr_line' id='line_1_24' title="bbox 109 2884 716 2947; baseline -0.002 -11"><span class='ocrx_word' id='word_1_146' title='bbox 109 2889 155 2936; x_wconf 89' lang='lat' dir='ltr'><strong>Per</strong></span> <span class='ocrx_word' id='word_1_147' title='bbox 165 2889 277 2936; x_wconf 78' lang='lat' dir='ltr'><strong>brumam</strong></span> <span class='ocrx_word' id='word_1_148' title='bbox 288 2887 394 2947; x_wconf 78' lang='lat' dir='ltr'><strong>liberis,</strong></span> <span class='ocrx_word' id='word_1_149' title='bbox 406 2886 493 2936; x_wconf 86' lang='lat' dir='ltr'><strong>Sextili</strong></span> <span class='ocrx_word' id='word_1_150' title='bbox 503 2899 587 2934; x_wconf 89' lang='lat' dir='ltr'><strong>mense</strong></span> <span class='ocrx_word' id='word_1_151' title='bbox 597 2884 716 2935; x_wconf 75' lang='lat' dir='ltr'><strong>samium.</strong></span> 
     </span>
    </p>
   </div>
   <div class='ocr_carea' id='block_1_6' title="bbox 867 466 916 514">
    <p class='ocr_par' dir='ltr' id='par_1_23' title="bbox 867 466 916 514">
     <span class='ocr_line' id='line_1_25' title="bbox 867 466 916 514; baseline 0 0"><span class='ocrx_word' id='word_1_152' title='bbox 867 466 916 514; x_wconf 73' lang='lat'><strong>283</strong></span> 
     </span>
    </p>
   </div>
   <div class='ocr_carea' id='block_1_7' title="bbox 110 2949 914 3036">
    <p class='ocr_par' dir='ltr' id='par_1_24' title="bbox 110 2949 914 3036">
     <span class='ocr_line' id='line_1_26' title="bbox 110 2949 914 3036; baseline -0.001 -12"><span class='ocrx_word' id='word_1_153' title='bbox 110 2977 173 3024; x_wconf 83' lang='lat' dir='ltr'><strong>bum</strong></span> <span class='ocrx_word' id='word_1_154' title='bbox 185 2975 251 3035; x_wconf 86' lang='lat' dir='ltr'><strong>licet,</strong></span> <span class='ocrx_word' id='word_1_155' title='bbox 264 2975 395 3024; x_wconf 85' lang='lat' dir='ltr'><strong>acvultum</strong></span> <span class='ocrx_word' id='word_1_156' title='bbox 406 2981 485 3023; x_wconf 83' lang='lat' dir='ltr'><strong>servat</strong></span> <span class='ocrx_word' id='word_1_157' title='bbox 495 2975 595 3022; x_wconf 85' lang='lat' dir='ltr'><strong>fortuna</strong></span> <span class='ocrx_word' id='word_1_158' title='bbox 604 2973 746 3036; x_wconf 82' lang='lat' dir='ltr'><strong>benignum,</strong></span> <span class='ocrx_word' id='word_1_159' title='bbox 818 3023 821 3027; x_wconf 19' lang='grc' dir='ltr'><strong>Δ</strong></span> <span class='ocrx_word' id='word_1_160' title='bbox 908 2949 914 2962; x_wconf 28' lang='grc' dir='ltr'><em>Ι</em></span> 
     </span>
    </p>
   </div>
   <div class='ocr_carea' id='block_1_8' title="bbox 111 3062 849 3126">
    <p class='ocr_par' dir='ltr' id='par_1_25' title="bbox 111 3062 849 3126">
     <span class='ocr_line' id='line_1_27' title="bbox 111 3062 849 3126; baseline -0.005 -12"><span class='ocrx_word' id='word_1_161' title='bbox 111 3067 193 3114; x_wconf 81' lang='lat' dir='ltr'><strong>uomae</strong></span> <span class='ocrx_word' id='word_1_162' title='bbox 203 3063 316 3114; x_wconf 78' lang='lat' dir='ltr'><strong>laudetur</strong></span> <span class='ocrx_word' id='word_1_163' title='bbox 329 3065 425 3126; x_wconf 86' lang='lat' dir='ltr'><strong>Samos,</strong></span> <span class='ocrx_word' id='word_1_164' title='bbox 438 3071 463 3113; x_wconf 91' lang='lat' dir='ltr'><strong>et</strong></span> <span class='ocrx_word' id='word_1_165' title='bbox 473 3063 560 3124; x_wconf 82' lang='lat' dir='ltr'><strong>Chios,</strong></span> <span class='ocrx_word' id='word_1_166' title='bbox 571 3071 597 3113; x_wconf 89' lang='lat' dir='ltr'><strong>et</strong></span> <span class='ocrx_word' id='word_1_167' title='bbox 608 3062 707 3114; x_wconf 86' lang='lat' dir='ltr'><strong>Rhodos</strong></span> <span class='ocrx_word' id='word_1_168' title='bbox 718 3063 812 3112; x_wconf 81' lang='lat' dir='ltr'><strong>absens.</strong></span> <span class='ocrx_word' id='word_1_169' title='bbox 844 3107 849 3116; x_wconf 82' lang='grc'><em>,</em></span> 
     </span>
    </p>
   </div>
   <div class='ocr_carea' id='block_1_9' title="bbox 0 0 1102 3742">
    <p class='ocr_par' dir='ltr' id='par_1_26' title="bbox 0 0 1102 3742">
     <span class='ocr_line' id='line_1_28' title="bbox 0 0 1102 3742; baseline 0 0"><span class='ocrx_word' id='word_1_170' title='bbox 0 0 1102 3742; x_wconf 95' lang='lat' dir='ltr'><strong> </strong></span> 
     </span>
    </p>
   </div>
  </div>
 </body>
</html>
