2192 3742
223 510 271 560 oss
443 508 770 562 Q.uousr11snsccr
838 497 843 502 '

226 639 299 686 Hunc
309 650 389 698 umor,
402 635 440 686 ire
450 636 548 699 quidem
558 637 721 688 eommuniter
731 637 782 688 urit
794 646 937 702 utrumque.

225 725 346 788 Quicquid
356 725 462 775 delirant
472 741 552 787 reges,
562 727 701 789 pleemnmr
712 727 807 778 Achivi.

225 813 358 874 Seditioue,
370 814 444 874 dolis,
455 815 556 877 scelere,
569 823 641 878 alque
651 816 764 878 libidine,
774 826 800 868 et
811 817 849 867 iru

225 903 311 953 lliaoos
323 903 388 952 intra
396 918 479 953 muros
491 912 602 968 pomum
612 913 638 954 et
647 914 727 955 atra.

225 995 329 1054 Rursus,
341 992 399 1055 quid
408 993 485 1042 virtus
496 993 591 1055 etquid
601 995 720 1058 sapientia
730 996 818 1058 possit,

225 1081 293 1130 Utile
303 1080 430 1144 proposuit
442 1081 513 1131 nobis
523 1084 649 1145 exemplar
660 1085 776 1147 Ulyssem
785 1104 794 1146 ;

225 1171 273 1224 Qui
284 1170 390 1220 domitor
401 1171 493 1232 TroJae,
506 1171 640 1220 multorum
651 1171 765 1234 providus
775 1173 849 1225 urbes

225 1260 257 1308 Et
268 1273 349 1308 mores
360 1258 489 1308 hominum
501 1258 625 1322 inspexit3
640 1260 766 1322 lutumque
776 1273 820 1323 per
830 1275 930 1322 aequor,

225 1351 289 1397 Dum
302 1348 358 1409 sibi,
369 1348 428 1398 dum
439 1348 510 1398 sociis
521 1349 627 1398 reditum
637 1357 718 1412 porat,
728 1363 814 1412 aspera
825 1351 906 1400 mults

194 1423 197 1428 ¹
225 1437 339 1498 Pertulit,
350 1438 456 1488 adversis
467 1453 551 1490 rerum
561 1438 733 1488 immersabilis
741 1438 823 1489 undis.

226 1526 339 1575 Sirenum
350 1540 420 1574 voces
431 1534 456 1576 et
468 1525 545 1578 eiroae
556 1529 645 1590 pomlu
655 1527 738 1591 ποθεὶς

226 1617 286 1669 Quae
298 1614 386 1663 sicum
398 1615 470 1663 sociis
481 1616 571 1664 stultus
583 1615 732 1678 cupidusque
741 1616 852 1677 bibisset,

226 1705 276 1754 Sub
286 1702 387 1752 domins
397 1703 523 1752 meretrice
534 1704 621 1754 luisset
628 1704 709 1767 'turpis
719 1713 745 1754 et
755 1719 852 1766 exoors,

224 1791 333 1841 Vixisset
344 1791 409 1840 oanis
422 1791 573 1854 immundus,
584 1794 624 1841 vel
635 1792 713 1842 amica
723 1793 776 1842 luto
787 1807 837 1842 sus.

226 1883 279 1929 Nos
290 1894 406 1929 numerus
419 1895 513 1942 snmus,
524 1888 550 1928 et
561 1869 642 1942 fruges
653 1895 797 1930 consumere
808 1880 870 1942 nati,

226 1969 314 2031 Sponsi
327 1969 465 2032 Penelopae,
477 1969 622 2029 nebulones,
629 1968 775 2031 Alcinoique

226 2059 254 2105 ln
266 2064 320 2106 oute
331 2056 437 2105 curanda
447 2058 502 2120 plus
513 2071 583 2118 aequo
600 2065 699 2120 operatu
705 2049 837 2119 juvenum

227 2145 273 2194 Cui
283 2144 412 2208 pulchrum
424 2144 471 2193 fuit
482 2145 507 2194 in
516 2143 609 2209 medios
620 2144 729 2194 dormire
739 2144 802 2204 dies,
813 2152 838 2192 et

225 2233 265 2282 Ad
276 2234 404 2296 strepitum
415 2233 513 2282 cithurae
525 2239 645 2282 cesseturm
656 2233 744 2283 ducere
754 2246 847 2282 cruam.

228 2324 264 2372 Ut
272 2323 386 2384 jugulent
395 2321 531 2382 hominem,
544 2329 648 2383 snrgunt
658 2321 689 2370 de
700 2328 772 2371 noete
781 2321 910 2383 lutrones3

227 2414 263 2462 Ut
273 2412 377 2475 teipsum
388 2425 478 2472 serves,
490 2426 540 2460 non
549 2411 740 2473 expergisoeris?
760 2410 828 2472 utqui

226 2500 254 2549 Si
265 2501 334 2550 noles
345 2514 429 2558 sanus,
440 2513 522 2550 curres
533 2499 695 2562 hydropicum:
713 2505 740 2548 et
748 2497 775 2547 ni

145 2581 147 2584 ’
227 2590 314 2638 Posoes
325 2596 381 2637 ante
393 2588 457 2636 diem
468 2589 560 2638 librum
571 2603 628 2637 oum
638 2587 742 2648 lumine,
751 2587 831 2636 sinon

227 2678 340 2727 Intendes
352 2678 461 2726 animum
473 2678 562 2726 studiis*
569 2685 598 2726 et
605 2678 677 2727 rebus
688 2657 817 2739 bonestis3

226 2770 321 2819 Invidia
331 2772 368 2818 vel
381 2784 463 2819 amore
473 2768 530 2830 vigil
541 2771 694 2832 torquebere.
728 2770 793 2818 Num
803 2782 859 2828 eur,

227 2861 287 2914 Quae
298 2859 391 2907 ludunt
401 2859 510 2918 oculum,
523 2858 624 2910 festinus
634 2859 732 2908 demere
743 2877 751 2920 ;
768 2855 861 2918 siquid

226 2948 272 2996 Est
282 2947 402 3006 animum,
413 2947 495 2995 differs
505 2947 607 2996 curandi
619 2955 714 3010 tempus
725 2945 752 2996 in
763 2947 876 2996 sunum?

227 3034 360 3085 Dimidium
373 3034 440 3099 facti
453 3049 495 3098 qur
505 3035 590 3100 coehit
603 3036 688 3100 Q
706 3033 881 3106 Q

228 3124 318 3192 irgine
350 3122 399 3179 Qui
410 3131 475 3173 recte
485 3123 580 3172 vivendi
591 3131 707 3187 proroget
717 3125 815 3184 horum,
