2192 3742
205 472 252 521 238
424 475 471 527 .Q·
490 474 630 523 HORATII
648 477 766 527 FLACCI

202 601 291 649 Astuts
301 597 432 661 ingenuum
442 603 527 664 vulpes
536 601 631 651 imitsts
640 597 757 652 leonem?

201 688 239 735 Ne
250 686 304 749 quls
315 688 429 737 humasse
439 690 498 738 velit
506 692 617 751 Ajacem,
629 691 725 752 Atrida,
737 700 803 741 vetas
814 698 877 743 cur?
903 702 905 707 ’

199 777 219 833 1
225 776 277 825 liex
288 790 352 826 sum.
384 780 405 835 τ
411 778 455 826 Nil
464 780 532 827 ultra
541 794 625 840 quaero
637 779 753 841 plebeius.
771 802 773 807 ·
786 782 805 838 tl
813 783 846 831 Et
857 798 955 846 tequam

199 866 260 912 llem
270 864 399 928 imperim
416 874 441 914 at
451 865 473 914 si
483 865 523 915 cui
534 866 618 916 videor
629 881 680 915 non
688 870 780 929 iustus,
793 869 873 937 inulta

197 953 293 1014 Dicere,
304 954 369 1016 quod
380 954 466 1015 sentis,
477 954 600 1017 permitto.
633 956 652 1012 ll
660 946 768 1005 Maxime
779 972 873 1020 regum,

199 1039 231 1089 Di
242 1041 287 1090 tibi
298 1042 356 1091 dent
366 1049 436 1105 capta
446 1043 549 1093 classem
560 1044 674 1092 reducere
686 1046 777 1105 Troja!
883 1038 890 1047 ’

198 1131 263 1191 Ergo
274 1131 411 1192 conurlere,
422 1138 447 1179 et
458 1145 516 1179 mox
528 1132 674 1193 respondere
686 1132 786 1182 licebit?

196 1218 215 1275 il
224 1221 338 1268 Consule.
371 1218 448 1275 {Gur
458 1222 521 1281 Ajsx
532 1221 605 1269 heros
617 1222 647 1273 ab
655 1221 751 1270 Achille
763 1223 883 1273 secundus

201 1308 318 1368 Putescit,
329 1307 401 1357 toties
413 1308 512 1357 servatis
523 1310 604 1357 clarus
617 1309 734 1358 Achivis?

201 1396 311 1445 Gaudeat
321 1405 349 1445 ut
359 1397 463 1460 populus
475 1397 566 1445 Priami
578 1397 737 1461 Priamusque
747 1399 885 1461 inhumato,

200 1488 248 1534 Per
258 1500 331 1547 quem
341 1493 379 1534 tot
386 1488 487 1547 juvenes
497 1486 577 1548 patrio
589 1502 688 1536 caruere
700 1490 829 1552 sepulcro?
878 1499 882 1509 ·

199 1572 297 1629 lMille
307 1574 389 1623 osium
399 1575 498 1623 insanus
510 1575 584 1623 morti
596 1575 679 1635 dedit3
697 1575 813 1639 inclytum
826 1576 942 1640 Ulyssem

198 1663 232 1711 Et
242 1664 382 1712 Menelaum
393 1677 443 1711 uua
453 1676 548 1712 mecum
562 1678 587 1711 se
598 1662 707 1711 occidere
717 1664 832 1711 clamans.

197 1750 263 1807 l'lis
272 1766 329 1800 cum
339 1766 384 1815 pro
395 1752 471 1800 vitula
481 1751 566 1800 statuis
578 1751 674 1800 dulcem
685 1751 773 1801 Aulide
783 1759 866 1800 natam

197 1841 262 1889 Ante
273 1854 337 1901 aras,
348 1840 487 1902 spargisque
498 1840 564 1887 mola
574 1847 655 1900 caput,
668 1838 787 1901 improbe,
799 1840 873 1899 salsa,
944 1842 947 1847 '

195 1914 300 1978 Rectum
316 1929 391 1977 snimi
406 1931 505 1977 servas?
520 1926 691 1983 {Quorsuml
713 1926 842 1983 illusanus
855 1928 915 1990 quid
934 1930 1000 1979 enim
1085 1908 1086 1921 ἵ

295 2018 359 2077 Ajrx

197 2105 264 2155 Fecit
274 2120 330 2160 cum
340 2104 424 2154 stravit
435 2108 500 2154 ferro
512 2105 602 2167 pecus?
622 2102 739 2153 abstinuit
749 2104 799 2153 vim

199 2196 284 2244 Uxore
294 2202 320 2243 et
329 2203 413 2255 gnato,
424 2195 489 2243 mala
500 2195 578 2242 multa
589 2202 698 2255 precatus
710 2192 817 2242 Atridis:

198 2284 256 2332 Nou
267 2282 309 2331 ille
320 2292 363 2331 aut
372 2285 505 2343 Teucrum,
515 2290 558 2331 aut
569 2282 649 2345 ipsum
660 2280 759 2329 violavit
770 2282 892 2343 Ulyssem.
970 2341 976 2346 q

197 2371 216 2428 l
224 2374 315 2421 Verum
324 2388 379 2435 ego,
390 2382 418 2422 ut
429 2374 548 2422 haereutes
560 2370 660 2419 adverso
671 2370 754 2418 littore
766 2384 837 2417 naves

195 2460 331 2521 Eriperem,
342 2461 448 2523 prudens
458 2460 550 2523 placavi
562 2458 677 2519 sanguine
687 2458 770 2507 Divos.

196 2547 214 2604 il
223 2550 316 2611 Nempe
326 2557 380 2608 tuo,
389 2549 487 2596 furiose.
520 2545 621 2608 lMe03
639 2546 681 2594 sed
692 2560 740 2593 non
755 2544 869 2594 furiosus.

196 2634 272 2691 ilQui
282 2636 372 2698 species
384 2635 443 2683 alias
454 2635 515 2694 veri,
527 2634 671 2695 scelerisque
683 2635 791 2682 tum'ultu

197 2723 327 2771 permistas
337 2723 424 2785 capiet,
435 2731 571 2771 commotus
576 2720 725 2799 habebitur3
742 2727 823 2781 atque,

197 2804 336 2859 Stultitiane
348 2819 422 2871 erret,
434 2811 539 2859 nihilum
551 2808 659 2867 distabit,
672 2822 703 2856 an
715 2807 758 2855 ira.

195 2901 260 2960 Ajax
271 2913 326 2947 cum
337 2899 471 2947 immeritos
482 2898 570 2947 occidit
573 2896 688 2959 ,desipit,
701 2908 790 2956 agnos.
785 2897 794 2927 ²

197 2989 260 3037 Cum
271 2987 376 3049 prudens
388 2988 465 3035 scelus
476 2989 508 3035 ob
519 2987 603 3034 titulos
615 2983 740 3033 admittis
733 2989 828 3041 ruanes,

180 3056 250 3147 {Stes
261 3074 361 3125 animo?
379 3082 405 3124 et
414 3090 504 3137 purum
514 3083 552 3125 est
561 3074 619 3124 vitio
631 3074 675 3123 tibi
684 3088 740 3123 eum
747 3070 873 3147 tumidum
884 3077 969 3121 estcor

1085 3176 1086 3213 l
