2192 3742
390 481 530 531 BPODON
547 481 653 530 LIBER.

447 727 515 776 ODE
531 728 601 776 Vlll.

363 903 391 937 lii
408 902 485 937 must
501 901 684 938 umbltloslnt.

215 1054 325 1101 Munus
335 1052 411 1113 longo
420 1052 530 1115 putidum
541 1059 566 1100 te
577 1054 676 1113 saecnlo,

246 1144 318 1193 Vires
326 1143 385 1205 qnid
394 1153 494 1194 enervet
503 1159 571 1194 meus
580 1149 587 1194 !

215 1229 280 1277 Cum
291 1227 325 1276 sit
335 1228 380 1276 tibi
390 1228 450 1277 (iens
461 1238 524 1289 ater,
535 1238 562 1277 et
571 1228 637 1290 rugis
649 1237 718 1277 vetus

247 1317 364 1365 Frontem
375 1324 487 1365 senectus
498 1324 599 1379 exaret3

215 1405 320 1468 Hietque
330 1405 408 1468 turpis
418 1406 483 1454 inter
493 1405 573 1453 aridus
584 1414 652 1453 nates

247 1495 342 1556 Podex,
354 1496 421 1545 velut
430 1496 511 1545 crudae
521 1496 598 1545 bovis.

213 1585 262 1634 Sed
272 1584 358 1633 incitat
368 1600 408 1633 me
418 1594 512 1647 pectus,
523 1594 548 1635 et
559 1599 672 1634 mummae
681 1591 775 1647 putres,

245 1673 342 1736 Bquina
352 1676 435 1735 qualos
445 1676 536 1737 ubera3

210 1764 349 1824 Venterque
360 1764 454 1823 mollis,
465 1771 491 1811 et
499 1764 579 1811 lemur
591 1763 740 1813 tumentibus

245 1851 318 1900 Exile
328 1852 393 1901 suris
401 1852 518 1900 additum.

213 1941 273 1987 Esto
285 1941 372 2001 boum
389 1940 463 1989 funus
475 1949 547 2002 atquo
561 1940 679 2001 imagines

245 2029 342 2077 Dnount
352 2028 523 2091 'lbinmpbnles
533 2036 604 2077 tuum
615 2048 623 2090 ;

213 2116 265 2163 Nec
276 2115 308 2164 sit
317 2116 416 2175 marita,
426 2130 480 2177 que
490 2116 674 2165 rotundioribus

245 2203 343 2253 Onusta
351 2204 432 2253 baccis
444 2206 559 2253 ambulet.

210 2289 294 2345 Quid?
313 2291 380 2352 quoti
389 2291 467 2339 libelli
477 2291 554 2340 Stoici
565 2291 629 2339 inter
640 2290 736 2339 Sericos

244 2380 331 2428 Jaoere
340 2378 455 2441 pulvillos
465 2388 549 2427 amant
558 2382 567 2426 ?

213 2467 326 2517 illiterati
337 2482 397 2517 num
408 2468 490 2516 minus
500 2467 569 2516 nervi
580 2467 677 2528 rigent?

163 2580 167 2584 ·
246 2556 359 2605 Minusve
369 2557 469 2617 languet
478 2556 619 2605 fascinum?

212 2644 285 2699 Quod
293 2651 322 2692 ut
333 2646 436 2708 superbo
447 2660 562 2708 provooes
574 2647 604 2693 sb
616 2645 724 2707 inguine,

247 2732 298 2781 Ore
309 2734 494 2783 ailubornndum
503 2742 542 2783 est
553 2734 606 2783 tibi.
