2192 3742
290 479 528 532 EPISTOLARUM
546 483 609 531 ula.
626 483 659 530 ll.
676 481 702 530 ii.
848 481 899 536 sla

91 613 145 661 Sub
158 619 254 660 noctem
265 610 368 672 gelidam
377 610 449 672 lignis
460 609 587 660 calefactat
597 610 703 660 ahenum
709 629 718 671 ς

91 703 142 751 Sed
152 709 223 750 voert
232 715 309 762 usque
317 714 398 761 suum,
410 713 458 762 qua
468 700 573 762 populus
584 698 663 748 adsita
671 697 744 748 eertis

91 791 223 840 Limitibus
234 790 313 840 vicina
323 790 412 851 refugit
419 789 516 850 jurgia3
533 797 649 850 tanquam
707 796 709 799 ·

91 881 132 930 Sit
142 880 268 943 proprium
280 879 420 942 quidquam
432 886 521 951 punetp
529 877 595 939 quod
606 875 704 926 mobilis
715 876 783 926 horte

91 971 166 1017 Nunc
176 983 257 1031 prece,
269 982 333 1017 nuuc
341 946 429 1030 pretio,
442 982 507 1015 nunc
517 967 552 1026 vi,
564 981 629 1014 nunc
639 973 706 1015 sorte
717 980 829 1030 suprema

91 1059 219 1105 Permutat
229 1056 352 1116 dominos,
364 1063 388 1104 et
399 1054 467 1104 cedat
475 1056 504 1104 in
515 1040 593 1104 altera
600 1057 665 1114 jnra.

92 1146 133 1195 Sic
144 1146 202 1208 quia
213 1153 341 1208 perpetuus
353 1144 416 1194 nulli
426 1145 496 1194 datur
507 1159 577 1203 usus,
589 1152 614 1192 et
624 1144 702 1192 burres
730 1156 734 1162 “

91 1235 221 1284 Haeredem
233 1225 343 1295 alterius,
354 1236 421 1283 velut
431 1233 497 1282 unda
508 1232 646 1296 supervenit
655 1232 765 1294 undum,

91 1323 159 1378 Quid
168 1324 215 1372 vici
224 1330 337 1386 prosunt,
349 1331 391 1375 aut
400 1323 489 1372 horrea
502 1325 512 1370 i
531 1322 619 1384 quidve
631 1321 741 1371 Calabris

91 1411 199 1460 Saltibus
209 1411 295 1472 adjecti
306 1411 407 1472 Luuuui,
418 1411 439 1460 si
450 1410 520 1459 metit
531 1410 611 1459 Orcus

90 1499 199 1550 Grandia
209 1514 265 1548 cum
276 1501 366 1563 parvis,
375 1515 425 1548 non
436 1499 568 1548 exorabilis
579 1503 658 1548 auro?

90 1589 217 1648 Gemmas,
228 1602 346 1649 marmor,
357 1589 427 1648 ebur,
439 1589 567 1650 'l'yrrhena
578 1588 667 1648 sigilla,
676 1587 789 1646 tabellas,

88 1679 236 1738 Argentum,
247 1684 325 1726 vestes
337 1677 433 1724 Gaetulo
444 1675 536 1723 murice
546 1675 645 1734 mutus,

90 1767 154 1816 Sunt
166 1765 206 1827 qui
218 1780 268 1814 non
279 1765 393 1824 habeant,
406 1770 442 1812 est
452 1763 556 1825 quinon
566 1769 635 1810 unat
644 1762 742 1811 habere.

91 1857 142 1904 Cur
154 1856 215 1904 aiter
226 1857 330 1902 fratrum
341 1866 444 1912 oessare,
456 1861 481 1900 et
492 1851 587 1912 ludere,
598 1858 623 1899 et
634 1851 709 1912 ungui

91 1943 208 1992 Praeferat
221 1942 324 1991 Herodis
335 1925 446 2005 palmetis
457 1940 603 2002 pinguibus,
620 1940 692 2000 aiter,

89 2031 163 2080 Dives
174 2037 199 2079 et
210 2031 373 2093 importunus,
385 2030 416 2078 ad
427 2029 539 2079 umbram
549 2027 611 2076 luds
622 2029 653 2076 ab
663 2035 720 2078 ortu

90 2119 231 2169 silvestrem
243 2118 348 2167 flammis
359 2125 384 2167 et
394 2119 460 2166 ferro
471 2117 566 2177 mitiget
579 2130 681 2178 ugrum

90 2207 141 2257 Scit
152 2206 256 2266 Genius,
267 2207 347 2256 natale
357 2219 438 2255 eomes
449 2205 491 2267 qui
502 2211 621 2266 temperat
630 2211 734 2265 astrum,

91 2297 192 2344 Naturae
204 2295 262 2344 deus
273 2295 397 2355 humanae,
409 2293 518 2342 mortalis
531 2292 557 2341 in
567 2307 658 2343 unum-

92 2383 211 2446 Quodque
219 2391 301 2446 eaput,
313 2384 382 2431 vultu
393 2381 526 2441 mutabilis,
538 2381 607 2428 albus
619 2386 644 2427 et
654 2385 713 2427 ater.

91 2473 165 2532 Utar,
177 2480 201 2520 et
212 2457 243 2521 ex
254 2471 349 2522 modico
361 2478 478 2532 quantum
490 2483 528 2516 res
539 2474 623 2531 posuet
633 2480 718 2515 auerte

90 2561 204 2622 'Pollam
221 2574 265 2608 nec
277 2563 383 2608 m'etuam
394 2557 452 2621 quid
463 2557 493 2606 de
505 2571 544 2605 me
553 2555 645 2618 judicet
655 2555 743 2614 haeres,
819 2539 822 2545 ¹

92 2647 164 2703 Quod
175 2663 224 2696 non
234 2648 305 2710 plura
316 2647 377 2695 datis
390 2645 516 2695 invenerit.
550 2646 583 2692 Et
592 2652 674 2692 tumen
685 2641 750 2690 idem

92 2735 159 2786 scire
168 2737 250 2785 volam
262 2743 378 2797 quantum
390 2734 493 2795 simplex
504 2731 637 2792 hilarisque
648 2728 730 2792 nepoti

92 2825 226 2890 Discrepet,
238 2831 263 2872 et
274 2831 391 2885 quantum
402 2819 521 2870 discordet
532 2832 618 2882 parcus
629 2831 709 2867 avaro.

92 2913 172 2962 Distat
181 2912 258 2973 enim,
267 2925 363 2975 spargas
375 2919 417 2958 tua
427 2899 551 2972 prodigus,
563 2919 595 2954 an
607 2919 685 2967 neque
696 2911 803 2961 sumtum

93 3001 185 3052 inritus
197 2982 280 3062 sacius,
292 3015 370 3064 neque
381 3002 451 3063 plura
462 3011 547 3061 parare
559 2997 670 3058 labores;

91 3093 127 3141 Ac
137 3091 227 3154 potius,
240 3104 299 3153 puer
309 3088 415 3140 utitatis
427 3085 611 3151 quinquatribus
622 3084 693 3146 olim,
