2192 3742
100 559 104 565 .
160 489 208 537 294
398 487 429 540 Q·
447 484 588 535 HORATH
606 484 724 535 mcci

161 615 307 663 Tentunen
318 614 422 673 majore,
433 614 485 662 fere
496 613 656 675 presentibus
667 626 778 673 aequum·

162 701 264 762 Genus,
276 714 348 762 quem
359 700 449 763 duplici
460 714 541 763 penno
552 701 670 762 patientie
678 701 753 760 reiut,

164 788 274 838 Mirsbor
285 788 340 837 vitae
351 788 390 836 via
398 788 419 836 si
429 801 546 836 converse
556 787 657 836 decebit.

162 877 233 925 Alter
245 889 393 938 purpureum
404 889 454 922 non
465 875 615 937 exspectabit
624 874 750 934 emim,

164 960 290 1018 Quidlibet
300 964 399 1012 indutus
411 963 570 1012 celeberrima
578 977 622 1026 per
630 965 687 1011 loca
696 963 776 1022 rudet,

163 1054 343 1113 Personamque
354 1053 415 1100 feret
426 1065 475 1098 non
488 1051 649 1099 inconcinnus
660 1059 802 1112 utramque:
820 1107 826 1111 ,

164 1141 235 1189 Alter
246 1139 327 1188 Mileti
338 1147 430 1188 textam
441 1152 501 1187 eene
511 1141 579 1201 peius
590 1147 616 1186 et
626 1139 698 1199 ungui

164 1229 257 1277 Vitabit
266 1219 434 1290 chlamydem
452 1227 570 1276 morietur
580 1227 681 1287 frigore,
693 1226 714 1274 si
725 1241 776 1274 nen

104 1323 106 1327 '
165 1317 296 1372 Rettuleris
307 1331 428 1378 pannum:
446 1315 520 1374 refer,
532 1322 557 1362 et
567 1314 621 1362 sine
631 1314 694 1362 vivut
705 1314 809 1376 ineptus.

166 1406 214 1454 Res
225 1419 307 1466 gerere
318 1413 344 1453 et
353 1412 435 1466 neptes
447 1403 575 1452 ostendere
586 1404 678 1452 civibus
688 1404 781 1462 hostes,
811 1466 818 1476 ·

165 1491 271 1552 Attingu
282 1492 370 1539 solium
381 1491 451 1540 Jovis
463 1499 488 1539 et
497 1492 606 1540 eoelestie
616 1499 701 1541 tentat.

167 1577 319 1643 Principibus
330 1579 449 1640 placuisse
458 1577 528 1638 viris,
540 1593 591 1626 non
600 1578 689 1626 ultima
699 1579 752 1626 lens
762 1585 808 1626 est.

166 1669 223 1715 Non
233 1666 308 1714 cuivis
319 1666 414 1714 homini
424 1666 543 1726 contingit
553 1666 620 1714 adire
632 1666 788 1715 Corinthum.

169 1755 237 1804 Sedit
248 1755 290 1816 qui
301 1754 383 1803 rimuu
394 1769 425 1803 ne
436 1768 487 1803 non
498 1755 649 1802 succederet:
666 1762 733 1803 esto:

169 1843 253 1898 Quid?
273 1843 313 1905 qui
325 1843 444 1906 pervenit,
456 1843 545 1892 fecitne
556 1844 677 1892 viriliter?
696 1843 772 1905 Atqui

171 1928 219 1979 Hic
229 1938 276 1990 est,
288 1938 329 1979 eut
339 1944 470 1992 nusquam,
482 1931 547 1992 quod
558 1931 703 1992 quaerimus:
721 1931 761 1979 hie
770 1945 832 1978 onus
843 1931 941 1990 horret,

170 2019 206 2068 Ut
216 2019 294 2080 parvis
305 2018 393 2066 animis
403 2026 428 2067 et
438 2033 511 2080 parvo
523 2032 625 2080 corpore
637 2020 714 2078 maius
724 2038 732 2080 3

172 2105 218 2154 Hic
229 2107 303 2164 subit,
315 2114 340 2154 et
349 2107 448 2168 perfert.
480 2108 531 2155 Aut
541 2105 618 2154 virtus
630 2120 720 2156 nomen
732 2106 804 2154 inane
815 2117 863 2166 est,

171 2195 222 2242 Aut
232 2193 304 2242 decus
313 2202 338 2242 et
349 2195 454 2257 pretium
465 2201 530 2242 recte
541 2193 602 2256 petit
610 2194 737 2256 experiens
746 2194 791 2241 rin.

174 2283 261 2330 coram
273 2295 328 2344 rege
339 2296 382 2330 suu
392 2283 422 2330 de
433 2289 573 2344 paupertate
583 2289 690 2330 tacentes

173 2370 231 2418 Plus
243 2377 357 2430 poscente
367 2371 454 2418 ferent.
487 2369 578 2429 Distat,
591 2383 704 2418 sumasne
716 2369 844 2431 pudenter,

173 2458 213 2504 An
224 2457 310 2519 rapias.
343 2457 418 2517 Atpui
430 2469 512 2504 rerum
522 2465 595 2519 ceput
605 2458 652 2505 hoc
662 2466 725 2518 erat,
736 2457 777 2506 hic
788 2459 851 2508 fons.

174 2546 193 2570 “
203 2544 315 2592 Indotata
325 2544 386 2592 mihi
396 2558 466 2592 soror
477 2553 524 2606 est,
535 2547 681 2609 paupercula
691 2555 779 2606 meter,

175 2634 194 2659 “
204 2633 237 2680 Et
248 2633 338 2680 fundus
348 2647 393 2680 nec
404 2632 530 2682 vendibilis
542 2647 587 2681 nec
596 2647 696 2696 pascere
707 2635 821 2694 firmus‚”

175 2719 224 2774 Qui
235 2719 303 2780 dicit,
315 2721 413 2780 clamat,
425 2722 444 2747 ‘⁴
453 2721 642 2769 Victum.dete.”
676 2722 784 2770 Simcinit
794 2722 866 2780 alter,

176 2809 195 2834 “
205 2808 238 2855 m
249 2807 310 2856 mm
321 2807 418 2856 dividuo
430 2809 535 2858 sudent
546 2794 648 2858 mmm
658 2809 776 2870 quaeras»
818 2802 822 2810 ⁴

176 2895 224 2945 Sed
234 2895 320 2944 tacitus
330 2897 396 2958 pasci
407 2897 428 2944 si
439 2905 520 2959 posset
530 2912 628 2958 conus,
640 2899 740 2946 heberet

176 2985 236 3033 Plus
247 2983 324 3046 dapis,
337 2992 362 3032 et
371 2983 431 3032 rixae
444 2987 521 3041 multu
533 2986 614 3034 minus
628 2985 781 3047 invidiaeque.

177 3071 339 3146 Brundisium
346 3086 427 3122 comes
438 3081 481 3121 eut
491 3074 637 3124 Surrentum
647 3074 734 3123 dueum
744 3086 880 3134 emmaum,
892 3139 898 3145 ὑ
