2192 3742
312 439 498 490 CARMINUM
518 442 581 489 LIB.
599 442 644 491 111.
660 442 727 491 xxvi.
874 446 920 493 113

182 567 255 629 Ripae
267 575 292 615 et
302 581 404 615 vacuum
416 583 503 617 nemus

214 656 302 704 Mirari
312 656 388 705 libet!
424 658 447 706 Ο
460 656 584 707 Naiadum
596 666 693 721 potens,

180 746 377 807 Baccharumque
387 746 521 795 valentium

214 837 329 884 Prooeras
341 836 453 885 manibm
464 845 559 885 vertere
570 837 691 898 fraxinos,

182 923 225 972 Nil
237 938 338 986 parvum
349 932 392 973 aut
402 924 491 974 humili
503 925 588 985 modo,

213 1012 255 1061 Nil
267 1015 371 1062 mortale
381 1015 476 1076 loquar.
510 1016 588 1065 Dulce
598 1014 732 1077 periculum
742 1025 789 1077 eet,

185 1102 219 1164 (Ο
231 1102 318 1151 laenaee
329 1101 347 1163 !)
364 1103 433 1164 sequi
443 1103 516 1152 deum

213 1190 356 1253 (lingentem
366 1192 438 1241 viridi
448 1201 560 1256 tempora
571 1195 694 1257 pampino.

428 1570 495 1618 ODE
513 1568 604 1619 xxvi

426 1745 462 1779 AD
478 1744 613 1781 VBNBRBM.

244 1898 305 1945 Vixi
317 1895 405 1958 puellis
416 1910 492 1958 nuper
503 1896 617 1955 idoneus,

243 1987 276 2034 Et
287 1984 389 2033 militavi
400 1998 450 2033 non
462 1985 515 2032 sine
525 1985 620 2046 gloria;

277 2076 349 2123 Nune
359 2088 428 2122 arma
438 2074 628 2135 defunctumque
639 2076 705 2123 bello

309 2162 426 2211 Barbiton
437 2162 478 2212 hic
491 2162 570 2224 paries
582 2163 689 2222 habebit,

243 2341 341 2388 Laevum
353 2338 455 2388 marium
466 2338 508 2400 qui
519 2337 622 2387 Veneria
633 2338 697 2385 latus
776 2348 778 2353 ·

247 2428 367 2477 Custodit.
385 2436 388 2441 '
401 2427 457 2486 Hic,
468 2427 509 2475 hic
520 2427 603 2489 ponite
614 2424 695 2474 lucida

277 2518 380 2569 fimana
389 2526 415 2567 et
424 2526 503 2566 vectes
513 2526 538 2565 et
545 2531 616 2566 arcus

309 2606 434 2670 Oppositia
445 2607 539 2656 foribus
551 2607 665 2655 minaces.

243 2783 266 2831 0
278 2797 331 2843 quae
343 2784 449 2841 beatam,
460 2780 532 2840 Diva,
541 2788 610 2830 tenes
623 2783 730 2845 Cyprum
740 2790 766 2831 et

242 2870 370 2933 Memphin
381 2878 504 2919 carentem
516 2868 629 2918 Sithonia
639 2870 704 2931 nive,

275 2959 376 3030 Regina,
388 2958 488 3007 sublimi
500 2958 596 3019 flagello

307 3050 391 3109 Tange.
403 3046 499 3097 Chloen
512 3049 587 3096 semel
599 3056 760 3109 arrogantem.

513 3150 522 3183 ι
