2192 3742
286 503 526 554 uiusuouusuu
543 483 607 554 mu.
624 506 645 552 1.
661 504 694 552 vs.
846 502 894 551 273

84 633 153 691 Quid
164 648 214 683 uon
227 632 331 683 ebrietas
342 632 468 694 designat?
488 641 574 696 operta
584 632 705 693 recludit;

84 727 146 788 Spes
155 725 226 786 jubet
235 737 289 772 esse
300 729 379 785 τείως
397 722 423 770 in
433 720 521 785 proelia
530 722 609 770 trudit
618 723 721 770 inertem
732 741 741 782 ;

84 812 194 879 susus
206 812 295 861 animis
307 825 369 860 onus
380 811 480 860 eximin
499 797 689 860 assuetam:

83 903 193 952 Fecundi
203 903 290 952 calices
301 915 374 964 quem
385 915 434 949 nou
447 903 525 950 fecere
537 901 653 950 disertum
664 903 674 948 ἒ

87 992 221 1042 Contracta
231 1005 304 1052 quem
316 1004 367 1038 non
378 989 404 1037 in
416 996 557 1052 paupertate
568 989 696 1038 solutum?

87 1083 148 1129 Haec
159 1095 204 1141 ego
214 1093 344 1142 procurare
355 1085 381 1127 et
391 1078 492 1126 idoneus
503 1079 622 1140 imperor,
633 1085 658 1126 et
668 1091 718 1125 nou

88 1169 195 1218 Invitus:
214 1183 245 1217 ue
255 1177 325 1232 turpe
336 1169 411 1228 toral,
423 1182 454 1218 ne
466 1166 662 1229 sordidemapps

89 1259 212 1319 Couuget
222 1271 309 1319 nares3
327 1271 358 1306 ne
369 1271 419 1306 uon
431 1264 456 1305 et
465 1256 595 1305 cantharus
606 1262 631 1303 et
640 1256 698 1303 lanx

91 1345 214 1396 Ostendat
223 1345 269 1394 tibi
279 1353 322 1407 tc;
346 1359 377 1393 ue
389 1344 451 1393 fidos
462 1344 526 1393 inter
537 1344 628 1392 amicos

92 1435 140 1496 Sit,
153 1434 195 1496 qui
204 1433 271 1483 dicte
281 1434 347 1482 foras
358 1433 486 1496 eliminet3
504 1441 532 1482 ut
541 1431 613 1481 cudat
623 1447 667 1496 par

90 1526 262 1584 Jungauuque
271 1521 333 1584 pari.
365 1524 468 1571 Butram
478 1522 534 1582 tibi,
546 1523 735 1585 Septiciumque,

92 1615 127 1663 Et
137 1612 185 1662 uisi
195 1627 266 1662 coena
276 1612 344 1675 prior
355 1612 484 1675 potiorque
493 1614 575 1676 puella
589 1613 706 1662 Sabinum

5 1737 11 1754 .
92 1701 205 1761 Detinet,
216 1714 346 1750 assumam.
380 1702 460 1750 Locus
471 1709 544 1750 estet
555 1702 664 1764 pluribus
676 1700 784 1762 umbris3

94 1790 144 1840 Sed
155 1790 229 1838 nimis
239 1798 306 1839 arcta
316 1797 431 1853 premunt
442 1791 514 1840 olidae
525 1791 636 1840 convivis
646 1804 737 1854 captu..

94 1880 136 1928 Tu
146 1885 234 1940 quotus
245 1892 297 1926 esse
307 1879 379 1938 veiis,
391 1879 513 1941 rescribe3
531 1886 557 1927 et
567 1880 639 1928 rebus
652 1877 759 1938 omissis,

95 1965 168 2015 Atria
179 1974 316 2015 servantem
325 1967 418 2030 postico
430 1968 488 2016 salle
504 1966 627 2017 clientem.

395 2267 560 2316 EPISTOLA
575 2267 619 2317 VI.
687 2277 692 2283 '

409 2445 445 2480 An
462 2445 610 2482 NUMICIUM.

103 2592 129 2638 N
131 2604 157 2638 11.
168 2590 284 2640 admirari
296 2607 371 2656 prope
382 2609 420 2644 res
431 2602 469 2644 est
479 2610 538 2657 una,
551 2596 660 2657 Numici,

103 2680 221 2742 Solaque,
233 2695 287 2743 quae
297 2683 374 2745 possit
385 2683 464 2734 facere
475 2692 500 2734 et
509 2675 607 2734 servare
613 2687 718 2735 bestium.

104 2768 179 2816 Hunc
191 2770 280 2829 solem,
292 2778 317 2819 et
332 2772 426 2833 stellas,
439 2781 465 2821 et
474 2773 615 2822 decedentia
625 2773 698 2822 certis

40 2897 44 2902 .
104 2857 230 2918 Tempora
240 2859 381 2920 momentis,
394 2869 452 2910 sunt
459 2862 501 2925 qui
511 2862 642 2912 formidine
653 2863 723 2911 nulla

106 2946 199 2994 imbuti
210 2955 327 3010 spectent.
361 2951 427 3004 Quid
437 2965 520 3000 censes
533 2966 635 3001 munera
645 2960 716 3001 terrae
728 2955 737 3000 ?

107 3034 176 3090 Quid
187 3036 262 3085 maris
273 3046 396 3088 extremos
407 3041 500 3090 Arabas
510 3027 609 3090 ditantis
620 3051 644 3090 et
660 3042 752 3091 ludos?

108 3123 215 3182 Ludicra
226 3126 295 3188 quid,
308 3128 406 3190 plausus
413 3137 441 3180 et
452 3129 524 3178 amici
534 3131 600 3179 dona
613 3129 734 3186 Quiritis?

503 3232 520 3265 T
