2192 3742
198 496 247 544 wli
441 496 473 549 Q.
491 494 631 544 Hoan'rll
649 496 768 549 FLACGi

198 621 319 681 Vuloano,
331 635 454 671 nmmum
465 624 610 685 properabat
621 624 728 675 lambere
740 635 839 678 tectum.

198 708 317 759 Conviva
328 709 410 757 avidos
421 724 517 758 ooenam
528 724 657 773 servosque
668 714 782 764 timeuoes

197 799 262 846 'l'um
273 810 368 859 rupere,
379 804 452 859 atque
460 812 546 847 omues
559 799 708 861 restinguere
717 803 780 851 velle
791 803 893 855 videres.

198 886 287 949 Incipit
296 900 328 933 ex
336 886 381 934 illo
393 894 489 935 nsontes
499 887 606 949 Appulia
617 896 689 936 notos
701 890 703 897 '

198 976 328 1025 Ostentare
340 976 411 1036 mihi,
423 990 484 1037 quos
496 983 573 1024 torret
585 979 721 1045 Affibulun
739 987 764 1027 et
777 994 838 1041 quos

198 1066 330 1126 Nunquam
340 1078 489 1126 erepsemus‚
501 1064 550 1112 nisi
562 1078 607 1113 nos
619 1066 697 1114 vicina
706 1066 798 1115 'l'rivici

196 1153 263 1202 Villa
273 1146 412 1215 reoepisset,
422 1152 552 1201 lacrimoso
564 1168 613 1201 non
626 1154 679 1202 sine
691 1155 770 1217 firmo,

198 1241 267 1291 Udos
277 1256 334 1290 oum
343 1240 409 1289 loliis
420 1254 501 1289 rarnos
512 1250 599 1289 urente
610 1242 715 1291 oamiuo.

198 1328 245 1377 llio
256 1343 299 1390 ego
311 1327 452 1377 mendaeem
463 1328 621 1377 strutissimus
632 1344 709 1391 usque
719 1330 826 1391 puellam

201 1417 242 1466 Ad
252 1416 358 1465 mediam
369 1424 466 1465 noctem
477 1424 604 1478 exspecto:
622 1430 722 1465 somnus
734 1424 816 1467 tamen
827 1420 909 1469 aurien

197 1508 322 1556 lutentunr
331 1506 422 1555 Veneri
430 1526 438 1567 ;
454 1513 508 1553 tum
517 1506 644 1571 immundo
653 1506 749 1555 somnia
760 1506 813 1557 visu

197 1597 349 1644 Noctumam
359 1603 451 1643 vestem
462 1595 594 1654 maculant,
605 1601 761 1656 ventremque
772 1596 896 1659 supinum.

197 1687 319 1739 Quattuor
329 1683 387 1731 hine
397 1684 505 1745 rapimur
515 1682 600 1743 viginti
612 1690 636 1731 et
648 1683 726 1731 millia
736 1684 828 1747 rhedis,

170 1789 173 1795 '
198 1775 309 1825 Mansuri
320 1774 446 1838 oppidulo,
458 1774 523 1836 quod
534 1786 606 1821 versu
617 1772 696 1822 dicere
708 1788 758 1821 non
770 1783 818 1835 est,

198 1866 278 1929 Signis
290 1865 403 1928 perfacile
414 1872 464 1913 est:
481 1864 548 1912 venit
557 1863 675 1912 vilissima
685 1876 768 1911 rerum

198 1956 245 2005 Hie
256 1969 334 2017 aqua;
356 1955 398 2004 sed
407 1955 477 2017 panis
488 1955 561 2014 longe
570 1953 757 2015 pulcherrimus,
768 1954 835 2001 ultra

199 2045 307 2095 Callidus
317 2052 346 2093 ut
356 2046 434 2093 soleat
444 2043 552 2091 humeris
563 2050 660 2104 portare
668 2042 761 2103 viator3

183 2119 262 2182 'Nam
274 2132 365 2182 Canusi
376 2131 514 2194 lapidosus:
531 2144 599 2191 aqua
612 2144 662 2178 non
674 2130 747 2179 ditior
757 2143 837 2192 urna3

198 2222 247 2277 Qui
255 2223 322 2270 locus
334 2235 349 2269 a
359 2219 417 2268 forti
428 2218 546 2267 Diomede
556 2225 593 2266 est
604 2217 716 2267 eonditus
725 2217 793 2265 olim.

198 2311 323 2362 Flentibus
335 2310 375 2359 hic
385 2309 472 2358 Varius
481 2307 583 2356 discedit
592 2314 696 2356 moestus
707 2306 798 2355 amieis.

197 2399 257 2448 lude
269 2399 351 2447 Rubos
361 2397 420 2445 fessi
430 2395 594 2459 pervenimus,
606 2402 691 2457 utpote
702 2395 802 2455 longum

197 2490 328 2550 Carpentes
339 2486 396 2546 iter,
407 2494 432 2533 et
442 2486 534 2534 faearm
544 2484 682 2547 corruptius
694 2483 775 2532 imbri.
797 2470 798 2473 Ἴ

197 2579 297 2626 Postera
306 2583 436 2638 tempestas
447 2574 535 2622 melior
544 2592 552 2633 ;
568 2572 608 2621 via
618 2574 686 2634 pej0r
698 2572 804 2633 adusque

197 2664 255 2714 Bari
266 2662 357 2713 moenia
368 2662 472 2726 piscosi:
491 2661 547 2710 dein
560 2661 649 2709 Gnatia
660 2660 765 2729 lprnplsis

186 2734 189 2768 ⁵
199 2753 270 2820 lratis
281 2760 404 2801 exstructa
414 2750 480 2801 dedit
490 2750 744 2810 risusque·j0cosque;

197 2845 262 2891 Dum
273 2842 372 2890 damma
383 2840 445 2900 siue,
457 2847 513 2887 trura
523 2837 657 2898 liquosoere
667 2835 753 2884 limine
765 2848 833 2883 sacro

197 2928 345 2979 Persuadere
355 2927 429 2990 eupit.
463 2925 552 2975 Credat
563 2922 663 2973 ludaeus
674 2923 772 2985 Apella,

198 3020 255 3067 Non
267 3030 324 3078 ego:
343 3028 445 3076 numque
456 3012 515 3062 deos
525 3010 599 3061 didici
610 3024 722 3061 secumm
733 3023 803 3071 agore
815 3023 911 3071 aevum;
