2192 3742
166 469 213 516 26⁴
405 469 436 521 Q·
455 467 595 516 HORATll
616 468 734 518 stnccr

168 593 233 649 Quid
244 609 328 644 verum
336 602 407 656 atque
413 595 501 644 decens
507 609 568 643 curo
576 603 602 644 et
611 609 682 658 rogo,
690 596 804 645 etomnis
815 597 843 646 in
850 598 977 647 boesum:

169 683 255 732 Condo
266 690 291 731 et
301 698 422 746 oompono
433 699 486 746 quae
497 697 559 732 mox
568 683 711 746 depromere
722 684 823 747 possim.

169 773 205 820 Ac
216 785 247 820 ue
258 771 321 820 sorte
334 785 414 833 roges,
426 785 474 834 qno
486 785 526 819 me
537 771 609 830 duee,
620 785 669 834 quo
680 771 732 820 lare
741 778 807 819 tuter
815 789 835 819 ε·

170 860 270 910 Nullius
282 857 390 910 addictus
398 862 482 920 jnrure
493 859 519 908 in
530 860 604 908 verbo
615 859 734 920 magistri,

171 951 226 1003 Quo
239 963 278 997 me
289 963 384 1010 cunque
394 947 457 1010 rapit
467 955 609 1009 tempestas,
619 946 717 995 deferor
726 947 823 1010 hospes.

173 1039 245 1086 Nunc
255 1037 326 1098 agilis
337 1037 381 1097 fio,
393 1043 417 1084 et
429 1049 524 1085 mersor
534 1035 647 1084 civilibus
656 1035 741 1096 undis,

172 1123 276 1173 Virtutis
284 1138 346 1172 verae
357 1133 439 1173 custos
450 1123 589 1186 rigidusque
599 1125 711 1172 satelles:

174 1217 246 1264 Nunc
257 1215 283 1264 in
295 1215 414 1278 Aristippi
423 1214 508 1262 furtim
519 1221 640 1278 praecepttt
649 1214 755 1279 relabor,

172 1305 205 1354 Et
216 1303 277 1353 mihi
289 1318 338 1364 res,
350 1317 400 1352 nou
412 1316 452 1350 me
463 1303 535 1351 rebus
547 1301 693 1363 subiungere
703 1316 788 1350 eonor.

174 1395 210 1442 Ut
221 1407 272 1441 nox
282 1394 365 1453 longe,
377 1391 463 1454 quibus
475 1390 593 1439 mentitur
603 1389 691 1450 amne,
702 1389 801 1452 diesque

174 1483 252 1531 Lenta
262 1481 356 1530 videtur
367 1495 428 1544 opus
439 1481 599 1542 debentibus3
616 1487 644 1528 ut
654 1479 722 1542 piger
732 1493 811 1529 annus

174 1569 288 1634 Pupillis,
300 1584 361 1632 qnos
372 1570 434 1619 dura
443 1569 533 1633 premit
543 1569 653 1618 nistodis
664 1565 787 1617 matrumz

172 1637 214 1712 bic
224 1661 285 1711 mibi
295 1661 364 1711 tarde
373 1662 454 1710 fluunt
465 1661 607 1723 ingrataque
618 1667 740 1723 tempora,
753 1675 807 1723 quae
818 1674 889 1724 spem

176 1750 359 1814 Consiliumque
370 1757 499 1798 morentur
509 1747 596 1810 agendi
606 1747 715 1810 guaviter
726 1747 751 1796 id
763 1748 829 1809 quod

175 1839 254 1901 AEque
264 1828 409 1902 pauperibus
420 1837 529 1900 prodest,
541 1837 705 1900 locupletibus
717 1851 800 1900 eque3

176 1927 256 1988 AEque
267 1927 403 1987 neglectuum
414 1926 494 1989 pueris
505 1925 652 1988 senibusque
661 1925 766 1974 uooebit.

176 2017 271 2075 Restat,
282 2022 311 2063 ut
320 2013 359 2063 his
371 2027 415 2076 ego
426 2028 466 2062 me
477 2013 529 2077 ipse
540 2028 623 2075 regum
634 2015 746 2076 solerque
756 2013 883 2064 elementis
893 2034 899 2061 :

177 2105 235 2152 Nou
246 2102 325 2166 possis
336 2103 408 2151 oculo
420 2109 538 2165 quantum
549 2102 698 2152 oontendere
709 2103 828 2164 tymeus,

176 2193 234 2240 Nou
246 2199 328 2241 tumen
340 2189 429 2240 idcirco
439 2199 582 2240 contemnas
593 2189 674 2254 lippus
684 2189 803 2252 inungui3

126 2341 129 2345 Ι
177 2280 239 2339 Nec,
250 2278 307 2340 quia
317 2279 429 2342 desperes
439 2278 522 2327 invicti
534 2279 646 2327 membro
657 2276 784 2341 Glyoouis,
796 2294 799 2298 ·

129 2405 132 2412 .
177 2367 277 2416 Nodosn
286 2375 375 2430 ¹eorpus
386 2367 450 2417 nolis
461 2367 591 2430 prohibere
600 2367 726 2428 cherugrn

176 2455 221 2504 Est
232 2455 335 2517 quadam
347 2456 444 2518 prodire
455 2463 536 2516 tenus,
549 2455 571 2504 si
582 2469 633 2504 nou
644 2456 717 2504 denir
726 2456 801 2504 ultra„

178 2543 265 2592 Fervet
275 2543 376 2593 avaritia
384 2545 521 2606 miseroque
532 2544 645 2607 cupidine
654 2552 739 2606 pectus
749 2547 759 2592 ἓ

178 2632 242 2681 Sunt
251 2633 325 2681 verba
335 2640 360 2681 et
370 2647 451 2693 voees,
463 2633 551 2694 quibus
562 2633 628 2682 hunc
638 2633 718 2682 lenire
727 2633 839 2682 dolorem

177 2720 270 2781 Possis,
281 2729 306 2770 et
318 2735 432 2783 magnam
443 2722 525 2772 morbi
535 2722 658 2786 deponere
666 2729 769 2786 purtem.

177 2808 266 2858 Laudis
277 2823 360 2858 amore
371 2813 470 2859 tumes?
489 2818 547 2859 sunt
558 2818 625 2860 oerta
634 2811 738 2874 piacula,
749 2825 804 2873 quar
813 2815 840 2858 te

176 2900 226 2951 Ter
237 2914 296 2962 pure
307 2900 370 2947 lecto
381 2907 497 2962 poterunt
510 2913 620 2950 recreare
630 2899 725 2950 libello.
838 2903 841 2910 '
894 2879 897 2884 Ι

177 2986 287 3048 Invidus,
298 2987 440 3049 iracundus,
451 2989 528 3049 iners,
534 2989 646 3050 vinosus,
657 2997 770 3053 umator3

177 3077 257 3127 Nemo
267 3077 327 3126 sdeo
338 3077 405 3148 ierus
418 3084 466 3138 est,
477 3085 506 3126 ut
517 3092 568 3127 uon
580 3079 708 3129 mitescere
717 3077 805 3144 possit,
