2192 3742
299 450 485 499 CARMINUM
503 450 565 498 ΗΒ.
583 451 625 498 iv.
643 449 673 497 iv.

213 580 273 627 Post
282 578 331 626 hoc
341 576 453 627 mundis
464 591 542 639 usque
552 577 676 627 laboribus

147 697 155 709 ·
214 670 326 716 Romm
335 668 410 729 pubet
422 666 513 728 crevit3
530 675 556 716 et
567 667 642 730 impio

245 758 345 804 vastata
355 758 489 804 Poenorum
501 757 611 804 tumultu
679 788 682 795 -

278 845 346 893 Faue
356 845 414 892 deos
425 845 531 893 habuere
542 844 636 896 rectos:

214 1017 329 1080 Dixitque
338 1018 437 1067 undem
447 1018 555 1080 perfidus
566 1017 674 1067 Annibal
686 1036 692 1067 r

216 1105 297 1165 Cervi,
309 1107 425 1167 luporum
434 1106 518 1168 praeda
528 1106 662 1168 rapacium,

247 1195 374 1242 Sectamur
384 1196 462 1253 ultro,
474 1208 536 1256 quos
544 1195 640 1257 opimus

279 1284 373 1333 Fallere
383 1292 409 1332 et
419 1285 524 1344 effugere
531 1292 570 1332 cst
580 1284 727 1346 triumphus.

215 1453 291 1516 Gens,
304 1471 359 1517 quae
372 1464 479 1504 cremato
491 1456 563 1505 fortia
575 1458 604 1505 ab
617 1458 663 1505 llio

215 1548 230 1594 J
233 1554 310 1595 actata
320 1544 406 1593 'lascis
418 1545 556 1606 aequoribua
568 1559 646 1606 sacra,

248 1637 373 1695 Notosque
384 1642 539 1695 maturosque
556 1642 647 1696 patres,

281 1721 386 1769 Pertulit
397 1721 519 1771 Ausonias
530 1720 561 1769 ad
572 1723 657 1771 urbes:

216 1893 290 1944 Duris
301 1904 330 1944 ut
341 1895 391 1943 ilex
403 1903 476 1944 tonsa
487 1894 632 1957 bipennibus
704 1924 707 1929 ·

217 1983 299 2044 Nigrae
310 1983 384 2033 ferad
395 1982 488 2031 frondis
500 1983 525 2031 in
538 1983 637 2044 Algido,

250 2073 295 2119 Per
306 2070 404 2129 damna,
417 2085 460 2133 per
471 2072 559 2130 mdes,
572 2072 602 2120 ab
614 2070 667 2133 ipso

283 2160 356 2208 Ducit
367 2174 425 2223 opes
436 2161 593 2242 animunque
604 2162 680 2210 ferro.

220 2336 276 2381 Non
290 2334 374 2396 Hydra
384 2342 450 2383 tecto
460 2348 563 2396 corpore
575 2334 669 2383 tirmior

219 2422 290 2472 Vinci
301 2422 424 2472 dolentem
434 2402 510 2472 crevit
520 2424 547 2472 in
560 2425 705 2483 Herculem

251 2512 421 2560 Monstrumve
431 2512 574 2561 summisere
587 2513 673 2563 Colchi

283 2600 375 2659 Maius,
387 2600 541 2651 Echioniaeve
553 2602 651 2650 Thebae.

219 2775 315 2823 Mertes
325 2773 457 2836 profundo,
469 2774 596 2837 pulchrior
610 2772 704 2822 evenit:

222 2863 334 2922 Luctare,
345 2864 424 2911 multa
434 2871 535 2925 proruet
547 2862 669 2923 iuoegrum

256 2950 318 2999 Cum
329 2952 401 3000 laude
411 2952 538 3011 victorem,
550 2960 664 3014 geretque

182 3042 188 3050 ’
291 3039 384 3090 Proelia
391 3040 533 3102 conjugibru
544 3041 672 3102 loquenda.
