2192 3742
325 485 518 535 sennonun
535 486 598 533 nun.
616 487 635 534 1.
651 486 683 534 vr.
825 452 828 456 ’
860 488 908 537 209

107 613 171 661 dure
182 609 244 659 mihi
253 609 360 659 invideat
369 612 458 673 quivis,
468 611 503 660 ita
512 620 538 660 te
548 626 643 674 qnoque
654 612 759 661 amicum
769 616 775 659 l

105 699 247 749 Pmsertim
256 706 356 747 mutum
365 699 451 760 dignos
460 713 594 759 assumere,
604 714 679 762 prava

108 786 252 835 Ambitione
262 788 356 849 procul.
389 788 494 836 Felicem
503 788 583 837 dicere
594 803 644 837 non
655 790 702 837 hoc

110 876 155 922 Me
165 888 276 936 possum,
287 888 345 923 casu
354 874 419 935 quod
430 882 454 922 te
465 875 565 923 sortitum
576 876 695 924 amicum:

111 964 190 1011 Nulla
199 963 290 1011 etenim
301 962 363 1010 mihi
372 969 397 1010 te
407 963 458 1011 fors
470 963 573 1013 obtulit:
590 964 696 1026 optimus
707 964 767 1013 olim

110 1050 239 1112 Virgilius,
251 1058 307 1113 post
317 1051 382 1098 hunc
392 1050 490 1109 Varius,
501 1050 585 1100 dixere
595 1052 653 1113 quid
663 1066 750 1101 essem.

114 1140 152 1189 Ut
161 1139 217 1187 veni
227 1124 313 1187 coram
318 1157 327 1199 3
344 1138 470 1198 singultim
481 1152 557 1199 pauca
566 1140 672 1198 locutus,

118 1227 215 1289 (Infans
226 1240 330 1287 namque
340 1225 420 1288 pudor
429 1226 576 1288 prohibebat¹
582 1228 654 1288 plura
664 1226 765 1288 profari)

114 1314 174 1361 Non
184 1326 229 1373 ego
240 1326 280 1359 me
289 1312 356 1360 claro
366 1318 451 1359 nanim
462 1318 540 1372 patre,
553 1324 603 1359 non
615 1324 659 1373 ego
669 1311 760 1359 οἱπειιω

114 1402 159 1449 Mc
168 1400 311 1449 Satureiano
322 1398 411 1448 vectari
420 1412 479 1447 rura
487 1387 591 1459 mballog

115 1488 175 1547 Sed,
186 1487 252 1549 qnod
260 1501 338 1546 cram,
350 1500 437 1535 namo:
454 1486 596 1547 respondes,
608 1494 637 1535 nt
646 1495 702 1537 mus
712 1494 823 1547 catinos,

116 1578 211 1625 Pauca:
228 1576 306 1638 abeo3
322 1584 348 1623 et
358 1588 455 1623 revocas
466 1589 533 1623 nono
544 1581 600 1635 post
610 1588 703 1636 mense,
712 1576 829 1636 jubesque

117 1667 180 1714 Esse
191 1665 216 1712 in
227 1664 363 1713 amicorum
372 1678 484 1712 numero.
516 1665 633 1724 Magnum
644 1664 691 1712 hoc
701 1677 745 1724 ego
753 1664 825 1722 duco,

119 1752 194 1807 Quod
204 1752 283 1814 placui
293 1753 349 1812 tibi,
360 1753 402 1813 qui
411 1752 478 1814 turpi
488 1752 594 1801 secernis
605 1753 745 1812 honestum,

118 1844 178 1891 Non
190 1849 257 1904 patre
267 1842 396 1903 praeclaro,
406 1842 450 1890 sed
458 1842 510 1889 vita
518 1850 544 1890 et
554 1848 650 1904 pectore
660 1856 730 1904 puro.

118 1930 196 1992 Atqui
206 1930 228 1978 si
238 1928 303 1978 vitiis
313 1930 475 1977 mediocribus
486 1944 513 1978 ac
525 1943 580 1977 mea
590 1928 670 1991 paucis

119 2018 241 2070 Mentesa
251 2026 289 2067 est
299 2026 397 2078 natm,
407 2019 498 2080 alioqui
509 2026 591 2079 recta3
613 2018 689 2082 (velut
698 2017 719 2065 sl

120 2106 225 2167 Egregie
236 2106 359 2168 inspersos
370 2107 499 2169 reprendas
510 2120 612 2167 corpore
624 2104 715 2166 naevos)
843 2162 849 2173 ,

121 2193 150 2243 Si
161 2206 240 2254 neque
250 2193 385 2253 amcitiam,
396 2208 474 2255 neque
484 2194 579 2253 sordes,
590 2202 632 2241 aut
643 2194 708 2241 mala
718 2194 795 2241 lustra

122 2282 230 2342 ObJ'iciet
239 2296 295 2330 vere
306 2283 432 2343 quisquam
443 2284 520 2343 mihi;
537 2296 613 2344 purus
623 2290 648 2329 et
660 2282 743 2337 insons

127 2372 176 2433 (Ut
186 2384 227 2417 mc
236 2370 382 2431 collaudem)
396 2371 418 2418 si
428 2377 454 2419 et
463 2371 518 2419 vivo
527 2384 598 2418 carus
610 2368 694 2417 amicis
704 2388 710 2416 ι

124 2460 205 2508 Causa
216 2458 263 2507 fnit
272 2468 341 2520 pater
351 2459 404 2507 his:
421 2460 464 2520 qui
473 2472 555 2506 macro
567 2471 657 2520 pauper
669 2456 746 2517 agello

123 2546 213 2595 Noluit
223 2547 250 2593 in
261 2544 327 2594 Flavi
338 2547 424 2594 ludum
434 2560 475 2594 me
485 2546 597 2606 mittere;
614 2543 695 2605 magni
746 2550 753 2563 ¹

123 2638 181 2689 Quo
192 2635 261 2698 pueri
272 2635 364 2697 magnis
375 2650 390 2683 e
400 2634 582 2683 centurionibus
594 2633 653 2692 orti,

124 2724 198 2771 Laevo
210 2724 318 2784 suspensi
330 2723 423 2770 loculos
433 2723 586 2782 tabulamque
598 2722 699 2778 lacerto,

125 2810 198 2857 lbant
208 2810 302 2858 octonis
314 2811 446 2859 referentes
457 2810 536 2858 idibus
548 2823 610 2857 aera:

127 2896 177 2945 Sed
187 2911 290 2957 puerum
302 2904 339 2947 cst
349 2911 421 2946 ansus
433 2900 535 2945 Romam
546 2904 653 2959 portare,
665 2894 799 2943 docendum

127 2986 212 3043 Artes,
223 2999 283 3045 quas
293 2985 378 3034 doceat
388 2986 465 3047 quivis
476 2988 556 3047 Eques
568 2992 639 3045 atque
650 2985 753 3032 Senator
823 3039 828 3050 Ι

128 3072 212 3121 Semet
223 3080 362 3135 prognatos.
396 3075 494 3122 Vestem
504 3085 633 3133 servosque
645 3078 770 3133 sequentes

523 3174 538 3207 r
