2192 3742
340 499 535 553 SEBMONUM
557 504 620 552 LIB.
638 504 657 551 1.
674 501 709 552 iii.
882 501 926 548 195

118 623 224 679 caldior
235 631 292 678 est?
311 644 378 679 seres
387 632 452 680 inter
462 639 612 681 numeretur.
645 608 750 694 Opinor,

118 722 184 769 llaec
195 735 234 770 res
244 728 270 780 et
277 723 368 784 Junglt,
376 725 473 783 iunctos
483 731 509 771 et
520 730 600 771 serrat
609 721 709 770 amicos.

118 810 159 857 At
168 823 213 857 nos
223 809 323 860 virtutes
333 811 397 873 ipses
407 811 559 871 invertimus,
572 818 643 872 atque

119 896 251 946 Sinoerum
261 898 372 959 cupimus
383 913 425 948 vas
435 899 578 948 incrustare.
613 900 707 947 Probus
718 898 772 961 quis

122 985 259 1039 Nobiscum
269 985 346 1034 vivit?
366 987 471 1035 mulnmr
481 995 518 1035 est
528 987 646 1035 demissus
657 988 744 1035 homo:
762 986 799 1033 illi

121 1073 218 1134 Turdo,
228 1089 361 1136 cognomen
372 1076 455 1139 pingui
466 1076 560 1125 domm.
595 1076 641 1125 llic
652 1076 714 1138 rugit
723 1073 807 1124 omnes

123 1162 239 1222 Insidias,
250 1164 360 1225 nullique
369 1165 435 1213 malo
446 1166 509 1213 lanis
521 1164 590 1213 obdit
605 1166 733 1227 upermm?

127 1250 206 1312 (Cum
215 1264 290 1311 genus
300 1252 348 1300 lroc
357 1252 421 1301 inter
431 1252 487 1301 vitae
497 1259 616 1311 versetur,
627 1251 668 1299 ubi
680 1250 741 1299 acris

125 1338 231 1399 luridis,
243 1347 314 1401 atque
324 1340 405 1402 vigent
414 1341 455 1389 ubi
466 1338 579 1401 crimina)
593 1354 637 1403 pro
649 1342 711 1389 bene
721 1352 780 1389 seno

121 1430 161 1477 Ac
172 1442 222 1476 uon
232 1428 339 1490 inmoto,
350 1430 435 1479 lictum
446 1437 599 1491 astummque
614 1442 734 1477 vocamus.

123 1516 266 1579 Simplicior
276 1517 340 1579 quis,
350 1526 377 1566 et
386 1525 433 1578 est,
444 1519 591 1579 qualemme
602 1531 664 1581 sepe
675 1517 777 1565 libenter

124 1604 266 1654 Obtulerim
275 1604 331 1665 tibi,
342 1607 473 1667 Maecenas,
484 1615 512 1655 ut
521 1608 585 1655 forte
596 1608 715 1667 legentem

123 1693 179 1740 Aut
188 1692 287 1741 tacinm
297 1692 407 1756 impellet
416 1694 501 1755 quovis
511 1695 642 1743 sermone?
661 1694 778 1741 molestus
787 1694 793 1739 l

127 1780 260 1829 Communi
271 1794 343 1829 sensu
353 1783 424 1845 plene
434 1790 510 1842 mret,
521 1781 652 1843 inquimus.
685 1780 755 1827 Eheu

126 1870 209 1922 Quam
220 1876 310 1918 temere
320 1870 346 1918 in
356 1879 452 1919 nosmet
463 1872 541 1931 legem
552 1869 672 1917 sancimus
683 1867 804 1928 iniquum!
820 1890 825 1897 ·

126 1958 194 2004 Nam
204 1955 268 2003 vitiis
278 1969 351 2003 nemo
362 1956 414 2003 sine
424 1958 530 2004 nascitur
540 1976 546 2002 ε
564 1955 669 2017 optimus
680 1955 722 2003 ille
733 1963 780 2013 est,

127 2044 178 2098 Qui
189 2044 296 2091 minimis
306 2051 429 2104 urguetur.
461 2042 562 2091 Amicus
574 2042 660 2103 duleis,
671 2050 700 2092 ut
710 2056 805 2105 equum
815 2050 862 2101 est,

129 2133 193 2181 Cum
205 2145 259 2179 mes
268 2140 407 2192 compenset
416 2131 480 2179 vitiis
491 2132 566 2190 bona,
577 2129 685 2193 pluribus
695 2130 762 2179 hisce

132 2218 172 2282 (Si
183 2218 256 2267 modo
266 2220 337 2282 plura
347 2219 408 2276 mihi
419 2220 483 2267 bons
493 2216 559 2281 sunt)
576 2218 688 2267 inclinet:
706 2218 782 2267 amari

129 2306 157 2355 Si
169 2307 234 2355 volet
244 2307 289 2355 hac
300 2308 362 2369 lege,
374 2307 400 2355 in
411 2308 503 2356 trutina
513 2314 618 2370 ponetur
628 2306 722 2357 eadem.

130 2394 191 2454 Qui,
202 2409 233 2443 ne
242 2395 367 2444 urberibus
377 2396 482 2460 propriis
492 2396 599 2445 offendat
609 2396 724 2457 unicum,

132 2485 252 2544 Postulat,
264 2485 371 2547 ignoscet
379 2486 486 2536 verrucis
496 2487 571 2536 illius.
604 2487 711 2549 AEquum
725 2494 772 2546 est,

132 2572 238 2621 rmus
249 2574 344 2623 veniam
353 2582 492 2637 poscentem
503 2575 602 2624 reddere
617 2590 708 2625 rursus

131 2660 251 2722 Denique,
263 2671 380 2723 quatenus
390 2662 469 2712 excidi
480 2664 576 2726 penitus
586 2663 671 2712 vitium
687 2662 740 2721 irae,

133 2751 227 2799 Caetera
237 2749 295 2798 item
306 2759 429 2813 nequeunt
439 2752 519 2801 snrltis
530 2751 661 2801 haerentia:
679 2765 722 2799 cur
733 2764 783 2798 non

132 2837 281 2887 Ponderibus
293 2839 444 2902 modulisque
453 2841 504 2889 suis
514 2840 577 2889 ratio
587 2839 682 2888 utinm?
702 2852 729 2887 ac
740 2851 779 2885 res

96 2967 106 2976 .
132 2919 168 2975 U't
179 2940 278 2988 quaeque
289 2934 336 2987 est,
347 2928 383 2977 ita
392 2928 515 2991 suppliciis
526 2928 613 2977 delicte
623 2923 737 2976 oo'e'rcet?

32 3068 36 3073 ,
131 3014 158 3064 Si
169 3014 223 3074 quis
233 3029 289 3064 eum
299 3030 406 3076 servum,
416 3017 524 3079 potinum
534 3016 576 3077 qui
587 3016 673 3064 tollere
680 3017 762 3075 iussus
829 3004 832 3013 ’

127 3103 240 3152 semesos
252 3103 330 3167 pisces
341 3104 495 3168 tepidumque
505 3105 638 3167 ligurrierit
645 3108 697 3166 J'us,
