2192 3742
378 482 420 530 DE
443 482 529 531 ARTE
547 480 701 532 Pontica
891 487 935 533 3³1

139 607 333 670 legitimumque
342 621 430 657 sonum
441 607 522 670 digitis
531 609 649 658 callemus
660 616 686 658 et
695 623 761 659 aure.

138 698 253 758 Ignotum
264 696 360 758 tragice
372 711 447 757 genus
459 697 582 746 invenisse
593 699 717 747 Camoenae

137 783 244 844 Dicitur,
256 792 281 833 et
291 784 406 846 plaustris
416 783 512 832 vexisse
523 790 636 847 poemata
645 785 759 848 Thespis,

137 874 198 927 Quae
209 879 324 920 canerent
335 879 480 934 agerentque
492 874 602 935 peruncti
613 874 712 923 fecibus
723 888 775 923 ora.
848 903 852 910 -

136 959 196 1008 Post
207 960 272 1008 hunc
284 972 393 1021 persone
404 961 522 1021 pallaeque
534 968 644 1023 repertor
654 961 764 1010 honestae

135 1047 265 1110 AEschylus
276 1055 300 1096 et
311 1047 412 1096 modicis
423 1048 535 1098 instravit
545 1050 639 1112 pulpita
649 1049 732 1123 tignis,

134 1139 167 1186 Et
178 1136 261 1186 docuit
271 1151 433 1200 magnumque
442 1138 520 1200 loqui,
533 1139 626 1201 ultique
637 1139 767 1188 cothurno.

135 1225 255 1275 Successit
266 1234 334 1276 veturs
345 1226 384 1275 his
397 1225 534 1288 Comoedie,
546 1243 597 1277 non
611 1228 665 1277 sine
676 1229 753 1276 multa

134 1312 231 1375 baude3
249 1314 328 1363 sedin
341 1313 426 1363 vitium
437 1315 536 1364 libertas
548 1317 648 1376 excidit,
660 1324 685 1365 et
693 1316 743 1364 vim

133 1401 238 1462 Dignam
249 1404 302 1464 lege
313 1405 379 1465 regi:
397 1406 438 1453 lex
449 1413 486 1454 est
496 1414 603 1469 acceptu,
614 1406 750 1467 chorusque

133 1491 249 1554 'lirrpitrr
259 1493 371 1553 obticuit,
384 1495 479 1542 sublato
489 1497 545 1555 jure
557 1495 669 1544 nocendi.

134 1579 177 1627 Nil
189 1579 335 1629 intentatum
347 1582 425 1630 nostri
437 1582 529 1642 liquere
541 1583 637 1631 Poetae:

137 1670 188 1717 Nec
200 1669 329 1717 minimum
342 1683 452 1718 meruere
462 1670 545 1730 decus,
557 1671 658 1731 vestigia
669 1673 755 1721 Graeca

133 1755 195 1804 Ausi
204 1755 325 1815 deserere,
338 1764 362 1804 et
373 1757 495 1805 celebrare
506 1753 639 1805 donrestica
650 1758 728 1819 iacta3

131 1847 177 1909 Vel
189 1845 231 1907 qui
243 1853 382 1908 praetextas,
395 1847 433 1894 vel
445 1845 486 1906 qui
497 1845 601 1894 docuere
613 1854 715 1907 togatas.

133 1934 184 1981 Nec
195 1933 283 1981 virtute
295 1935 358 1982 foret
370 1932 471 1981 clarisve
482 1931 607 1995 potentius
618 1932 703 1992 armis,

133 2023 213 2075 Quam
224 2021 317 2082 linguis,
329 2021 436 2080 Latium,
449 2021 470 2070 si
481 2036 532 2070 non
544 2021 678 2069 offenderet
689 2034 778 2069 unum-

134 2113 259 2173 Quemque
270 2109 404 2159 Poetarum
415 2110 480 2172 ligna
491 2111 562 2158 labor
573 2118 599 2158 et
609 2123 686 2158 mora.
720 2111 783 2168 Vos,
795 2109 820 2156 0

133 2198 268 2260 Pompilius
279 2198 387 2258 sanguis,
398 2212 496 2246 carmen
507 2198 676 2260 reprehendite
688 2198 753 2260 quod
765 2211 816 2245 non

131 2288 212 2335 Multa
222 2286 273 2335 dies
283 2293 308 2334 et
319 2287 397 2335 multa
407 2286 482 2334 liture
491 2286 609 2345 coercuit,
621 2294 693 2348 atque

131 2375 279 2422 Presectum
290 2374 368 2424 decies
380 2389 431 2423 non
442 2374 567 2435 castigavit
578 2374 609 2422 ad
619 2388 734 2435 unguem.
776 2373 781 2381 “

131 2461 259 2523 ingenium
270 2462 360 2510 misera
370 2463 427 2524 quia
437 2460 585 2511 fortunatius
597 2470 650 2510 arte

132 2549 225 2608 Credit,
239 2559 263 2598 et
274 2550 382 2600 excludit
393 2566 466 2600 sanos
480 2551 598 2600 Helicone
608 2555 692 2614 poetes

130 2638 295 2699 Democritus,
306 2640 370 2688 bona
380 2653 436 2701 pars
448 2655 497 2688 non
508 2654 601 2701 ungues
611 2653 704 2703 ponere
713 2647 794 2699 curat,

131 2730 187 2776 Non
199 2728 310 2786 barbam,
322 2736 414 2775 secreta
424 2729 487 2791 petit
497 2731 562 2789 loce,
573 2730 661 2778 balnea
672 2727 738 2778 vitat.

130 2815 289 2864 Nanciscetur
300 2815 366 2863 enim
377 2816 482 2878 pretium
495 2831 633 2879 nomenque
646 2815 737 2880 poete,

129 2905 155 2954 Si
166 2904 243 2952 tribus
256 2903 377 2966 Anticyris
388 2913 460 2968 caput
468 2905 602 2955 insanabile
614 2921 740 2968 uunquam

128 2992 235 3041 Tonsori
246 2992 330 3042 Licino
342 2994 499 3044 commiserit.
535 2995 558 3044 0
569 3009 614 3056 ego
625 2996 711 3056 laevus,

129 3079 178 3134 Qui
188 3094 278 3142 purgor
287 3079 362 3130 bilem
373 3083 419 3130 sub
429 3081 497 3130 verni
509 3082 626 3146 temporis
637 3084 741 3133 horam!
