2192 3742
330 471 525 523 SERMONUM
547 470 610 519 LIB.
627 470 660 519 11.
676 468 708 517 vi.
806 470 808 476 ’
873 470 919 517 251

113 599 191 647 illum
202 598 285 662 ipsum
292 606 412 662 meropius
423 598 510 658 aravit,
522 598 588 647 dives
600 597 678 646 amico

113 688 240 739 Herodes
257 688 290 748 si,
298 688 365 750 quod
374 688 453 749 adest,
464 695 561 749 gratum
568 688 654 749 iussu
671 687 716 735 huc
727 700 798 750 preoe
808 694 832 735 te
844 699 899 745 oro,

112 777 210 837 Pingue
221 791 295 839 pecus
306 776 408 825 domino
419 776 504 835 facias,
516 783 541 824 et
551 784 649 835 sutem,
662 782 749 837 praeter

113 864 257 926 Ingenium:
275 872 350 926 utque
360 866 436 925 soles,
446 873 528 913 custos
539 864 601 912 mihi
612 862 733 911 maximus
745 862 817 911 adsis

111 953 180 1013 Ergo
190 951 234 1001 ubi
245 967 286 1001 me
295 952 322 1000 iu
333 960 429 1001 montes
439 959 465 1002 et
475 952 503 1001 iu
512 966 594 1001 oroem
605 966 635 999 ex
646 952 707 999 urbe
716 950 820 1011 removi,

116 1041 196 1105 (Quid
206 1040 274 1103 prius
285 1042 408 1092 illustrem
418 1042 505 1092 Satiris
516 1043 636 1103 Musaque
647 1040 752 1106 Μ
761 1039 784 1101 i)

113 1132 167 1178 Nee
178 1130 245 1178 mala
254 1144 294 1178 me
304 1130 406 1181 ambitio
413 1130 504 1193 perdit,
515 1144 561 1179 uec
569 1130 697 1191 plumbeus
708 1131 808 1188 Auster,

111 1220 317 1282 Auctumuusque
326 1219 417 1281 gruis,
429 1219 542 1268 Libitina
554 1227 659 1281 quaestus
670 1220 770 1268 aoerbae.
805 1252 808 1259 »

112 1308 236 1356 Manutius
247 1316 326 1371 perer,
338 1322 382 1357 seu
392 1310 460 1357 June,
467 1308 582 1357 libentius
593 1308 673 1369 audis,

113 1395 188 1447 Unde
197 1395 310 1444 homines
321 1410 423 1458 operum
433 1397 527 1460 primos
538 1396 640 1459 vitaeque
650 1398 746 1446 labores

113 1484 251 1535 Instituuut
265 1486 311 1548 (sic
321 1484 367 1533 Dis
375 1485 502 1549 placitum)
517 1495 545 1535 tu
556 1486 671 1535 ourminis
681 1494 733 1535 esto

112 1573 276 1635 Principium:
294 1575 379 1621 Romae
390 1587 533 1637 sponsorem
545 1575 669 1637 meropis.
702 1573 785 1635 iIEja,

112 1663 151 1710 Ne
164 1662 232 1723 prior
242 1662 321 1711 officio
332 1663 460 1725 quisquam
472 1664 627 1727 respondeat,
637 1678 727 1725 urguo:

111 1750 168 1800 Sive
179 1750 272 1813 Aquilo
283 1752 348 1801 rudit
358 1760 446 1813 terras,
457 1768 501 1802 seu
512 1754 600 1801 bruma
610 1753 715 1802 nivalem

111 1839 232 1888 interiore
238 1840 304 1889 diem
314 1856 373 1904 gyro
383 1841 469 1903 trahit,
481 1842 518 1890 ire
528 1856 626 1891 necesse
638 1848 682 1890 esi.

109 1925 282 1989 {Postmodo
293 1925 359 1991 quod
369 1928 405 1977 mi
416 1915 493 1990 obsit,¹
502 1932 567 1979 clare
575 1938 715 1992 certumque
724 1929 817 1987 locuto,

109 2017 265 2067 Luciundum
277 2018 303 2066 iu
314 2020 402 2081 nuba3
419 2019 528 2068 facienda
539 2020 630 2081 injuria
641 2018 725 2068 tardis.

109 2104 129 2163 1
136 2106 204 2162 Quid
215 2107 262 2167 vis,
275 2107 379 2157 insane?
398 2115 424 2156 et
434 2122 494 2169 quas
505 2123 545 2157 res
556 2108 606 2170 agis
618 2108 760 2171 improbus?
779 2114 865 2168 urguet

37 2250 42 2259 ‚
109 2196 183 2245 lratis
194 2196 323 2259 precibus3
341 2205 368 2245 tu
379 2199 462 2259 pulses
473 2212 547 2246 omne
559 2198 624 2259 quod
634 2198 724 2257 obstat,

107 2284 149 2333 Ad
160 2285 321 2332 Maecenatem
332 2286 437 2334 memori
447 2286 468 2334 si
479 2293 561 2334 menie
572 2268 689 2335 recurras.

106 2369 128 2427 11
135 2372 190 2420 Hoc
198 2373 278 2432 juvat,
289 2380 315 2420 et
325 2372 394 2420 melli
403 2380 451 2433 est,
463 2387 515 2421 uon
526 2372 639 2421 mentiar.
672 2374 706 2420 At
716 2371 791 2421 simul
802 2378 866 2419 atras

108 2461 217 2509 Ventum
229 2468 267 2509 est
276 2460 410 2522 Esquilias,
422 2460 503 2509 aliena
513 2460 609 2523 negotio
620 2468 718 2509 centum

108 2550 157 2597 Por
167 2555 240 2610 ooput
251 2557 276 2597 et
286 2547 352 2597 circa
362 2548 454 2596 saliunt
463 2549 536 2597 lours.
567 2550 633 2598 Ante
644 2548 774 2597 secundam

107 2636 212 2685 Roscius
222 2638 314 2685 orabat.
320 2636 367 2685 sibi
377 2636 472 2686 adesses
484 2638 515 2685 ad
526 2639 611 2686 Puteal
623 2651 685 2685 cras.

107 2727 147 2773 De
158 2738 186 2772 re
197 2705 323 2773 eorumoui
334 2724 419 2774 scribes
430 2739 518 2793 magua
530 2733 602 2787 usque
612 2733 710 2773 novate

107 2814 221 2863 Orabam
231 2814 304 2863 hodie
315 2814 478 2877 meminisses,
489 2814 590 2875 Quinte,
602 2814 698 2863 reverti.
772 2820 776 2826 ‘

106 2902 288 2966 imprimat'his
299 2918 360 2954 curu
370 2905 491 2954 Maecenos
502 2904 571 2965 sigua
582 2904 685 2953 tabellis.

105 2992 218 3053 Dixeris,
229 2993 363 3056 Experiar:
382 2994 409 3043 Si
419 2994 466 3055 vis,
477 3002 557 3057 potes,
569 2994 645 3054 addit,
657 3002 682 3044 et
692 2994 776 3044 iustas.

106 3082 233 3146 Septimus
243 3091 329 3133 octavo
340 3083 441 3148 propior
449 3086 501 3145 jam
512 3083 601 3146 frigoris
611 3098 700 3145 annus,
