2192 3742
205 448 253 495 22⁰
442 448 474 500 Q·
491 445 631 496 llounlll
648 446 764 497 rusccl

205 574 333 623 inventore
343 572 439 622 minen
455 586 590 638 nequeego
601 572 638 621 illi
649 573 775 623 detrahere
786 574 866 622 ausim

205 665 345 711 umentem
354 662 427 725 nepiti
435 663 513 710 multa
522 676 579 709 cum
590 660 660 709 laude
670 676 795 710 eoronam.

205 753 239 797 At
249 749 301 797 dixi
312 750 387 799 liuere
397 751 464 798 hunc
473 751 632 809 iurulentum,
644 764 707 811 sepe
718 749 835 798 ferentem

204 838 278 885 Plura
288 836 385 898 quidem
396 837 505 885 tollenda
515 836 688 899 relinquaris.
699 840 761 899 Age,
772 851 865 899 quaese,

97 904 107 921 ⁹
204 926 243 973 'lu
254 924 317 972 nihil
328 924 353 973 in
364 938 453 985 magno
464 924 549 973 doctus
561 924 685 987 reprendis
699 925 825 975 Homero?

206 1011 248 1062 Nil
258 1012 335 1063 comis
345 1011 430 1073 ungui
440 1020 519 1061 mutat
530 1012 637 1061 Lucilius
646 1009 704 1061 Acci
714 1014 724 1059 ,²

206 1106 263 1151 Non
275 1102 338 1151 ridet
345 1116 430 1150 versum
440 1099 506 1151 Enni
517 1102 633 1162 gravitate
640 1101 758 1161 minores,

207 1192 269 1239 cum
280 1190 310 1239 de
321 1204 347 1239 se
358 1190 477 1252 loquitur,
488 1204 539 1239 non
550 1198 578 1238 ut
588 1191 679 1250 majore
690 1188 810 1254 reprensis
821 1192 831 1237 .>

205 1278 271 1331 Quid
280 1286 345 1327 vetat
355 1287 380 1327 et
391 1287 488 1327 nosmet
498 1277 576 1328 Lucili
589 1280 678 1342 scripu
687 1282 793 1340 legentes

205 1367 330 1425 Qrmrere,
342 1381 401 1414 num
413 1366 490 1427 illins,
501 1380 562 1415 num
570 1381 652 1416 rerum
663 1366 725 1415 durs
736 1366 829 1427 negarit

205 1452 344 1501 Versiculos
356 1462 443 1502 namra
453 1454 529 1515 magis
540 1456 618 1504 iactos
628 1462 653 1503 et
663 1462 748 1504 euntes

206 1540 318 1600 Mollius,
330 1555 357 1589 ec
368 1542 390 1589 si
400 1541 466 1603 quis,
476 1542 577 1604 pedibus
588 1541 647 1603 quid
656 1540 767 1590 claudere
779 1539 855 1601 senis,

207 1631 261 1677 Hoc
270 1637 365 1677 tentum
375 1636 516 1689 contentus,
524 1637 591 1677 amet
600 1628 725 1691 scripsisse
736 1628 852 1677 ducentes

206 1719 270 1765 Ante
280 1717 361 1765 cibum
370 1732 466 1778 versus,
477 1718 580 1766 totidem
591 1725 699 1767 eoenems
709 1718 718 1762 l
737 1715 833 1765 Etrusci

206 1808 284 1861 Quale
294 1807 341 1856 fuit
353 1806 421 1859 Cessi
434 1807 519 1870 rapido
528 1807 661 1855 ferventius
673 1805 740 1855 amni

207 1894 343 1955 Ingenium,
353 1894 432 1957 capsis
443 1910 516 1957 quem
527 1896 592 1942 mma
602 1903 703 1944 estesse
714 1894 830 1956 librisque

203 1984 350 2031 Ambustum
361 1983 474 2045 propriis.
505 1983 588 2032 Fuerit
596 1982 713 2043 Lucilius,
725 1978 835 2044 inquam,

206 2071 288 2119 Cumis
299 2079 324 2120 et
334 2073 441 2119 urbanus
450 2091 458 2133 3
476 2072 549 2121 duerit
559 2072 667 2120 limatior
678 2071 753 2130 idem,

207 2160 287 2212 Quam
298 2160 366 2208 rudis
375 2166 401 2207 et
413 2160 503 2208 Graecis
514 2160 599 2209 intecti
610 2160 724 2209 carminis
736 2167 830 2219 auctor,

206 2250 332 2311 Qamqne
344 2247 475 2297 Poetarum
485 2248 611 2297 seniorum
622 2250 710 2307 turbu
727 2247 770 2297 sed
781 2247 834 2307 ille,

206 2336 233 2384 Si
245 2336 308 2384 foret
318 2337 366 2385 hoc
376 2344 488 2385 nostrum
499 2338 550 2385 fetu
562 2336 651 2385 dilatus
663 2336 688 2385 in
700 2351 788 2395 aevum,

206 2425 331 2473 Detcreret
342 2424 388 2473 sibi
399 2426 492 2486 multa3
509 2424 626 2473 recideret
636 2439 708 2473 omne
720 2424 786 2488 quod
795 2425 861 2473 ultra

207 2513 342 2561 Perfectum
352 2514 490 2561 mandetur
498 2532 506 2575 3
523 2521 549 2561 et
560 2512 585 2561 in
597 2527 668 2562 versu
680 2512 789 2561 faciendo

206 2602 275 2663 Saepc
284 2609 356 2663 caput
366 2602 484 2661 soeberet,
494 2601 562 2650 vivos
573 2609 598 2650 et
609 2602 706 2652 roderet
718 2616 818 2663 ungeres.

206 2692 274 2752 Saepe
286 2690 371 2739 stilum
380 2698 471 2750 vertes,
483 2689 584 2749 iterum,
595 2705 648 2751 qum
660 2690 732 2751 digne
743 2690 790 2752 legi
802 2688 862 2749 sint,

205 2774 361 2836 Scripmrus3
379 2788 466 2835 neque,
477 2781 502 2822 te
512 2781 541 2822 ut
552 2772 654 2822 miretur
665 2774 749 2832 turbe,
761 2774 867 2831 labores,

206 2863 341 2911 Contentum
351 2861 434 2923 paucis
443 2860 582 2910 lectoribus.
615 2863 655 2909 An
667 2871 710 2909 ma
720 2861 820 2910 demens

205 2948 300 2997 Vilibus
312 2949 338 2997 in
349 2947 413 2996 ludis
423 2948 509 2997 dictari
519 2947 628 2997 carmine
639 2948 729 2996 malis?

207 3039 263 3086 Non
275 3052 336 3101 08⁰3
353 3051 411 3086 nem
422 3036 481 3085 sutis
492 3044 530 3085 est
539 3036 644 3097 equitem
657 3037 718 3085 mihi
729 3037 859 3099 plaudere3
877 3044 905 3086 ut
917 3039 1005 3097 audax,
