2192 3742
174 466 220 519 154
410 473 441 527 Q
459 468 600 522 isonam}
618 471 738 525 Funccl

239 600 290 648 Aut
300 597 373 647 amite
384 598 433 648 levi
444 614 500 649 rara
510 600 590 651 tendit
600 600 671 663 retia,

271 688 363 736 'liudis
374 688 486 738 edacibm
498 689 587 751 (101083
829 750 834 761 Δ

240 775 406 837 pavidumque
415 777 536 839 leporem,
547 784 573 825 et
584 774 701 826 advenam
712 776 799 840 laqueo
810 792 906 841 mem,

269 864 384 914 sumum
394 873 474 926 captat
485 866 594 927 praemia.

240 952 301 1008 Quis
313 967 364 1001 non
374 954 506 1013 malarum,
520 968 580 1015 quas
592 968 661 1003 amor
671 968 742 1004 curas
752 956 835 1017 habet,

274 1044 333 1091 Haec
344 1041 409 1091 iliter
421 1042 589 1092 obliviscimr?

241 1130 314 1186 Quod
324 1130 346 1178 si
356 1131 444 1193 pudiea
454 1131 543 1179 mulier
556 1132 581 1180 in
594 1140 688 1195 partem
697 1134 766 1195 juvet

273 1222 383 1269 Domum
393 1228 465 1283 atque
475 1221 559 1271 dulces
570 1221 672 1282 liberos,

244 1308 345 1372 (Sabina
355 1308 444 1371 qualis,
455 1317 498 1359 aut
507 1316 606 1372 perusta
617 1310 710 1359 solibus

271 1398 380 1449 Pernieis
391 1415 455 1448 uxor
466 1400 568 1463 Appuli)

243 1492 346 1543 Sacrum
358 1500 383 1541 et
393 1493 494 1541 vetustis
505 1500 616 1542 exstruat
626 1488 700 1555 lignis
711 1490 792 1544 focum
816 1512 818 1519 ’

258 1623 263 1629 .
275 1580 344 1629 Lassi
354 1581 401 1628 sub
412 1580 541 1630 adventum
554 1580 611 1629 viri:
641 1594 644 1601 ⁴

244 1668 413 1731 claudensque
423 1668 497 1717 textis
508 1670 614 1718 cratibus
625 1669 710 1717 laetum
722 1679 804 1733 pecus,

274 1757 387 1807 Distentu
396 1759 469 1808 sioeet
480 1760 571 1821 ubera3

242 1847 275 1895 Et
284 1846 365 1896 horna
375 1847 441 1897 dulci
452 1841 509 1896 vina
518 1861 634 1909 promens
646 1846 724 1907 dolio,

272 1938 353 1999 Dapes
365 1936 469 1985 inemtas
481 1944 593 1999 apparet:

242 2026 299 2073 Non
309 2040 350 2074 me
360 2025 466 2073 Lucrina
475 2025 583 2086 juverint
594 2020 730 2089 conchylia,

272 2116 381 2177 Magisve
391 2116 521 2176 rhombus,
532 2124 575 2164 aut
584 2116 657 2175 scari,

241 2201 268 2252 Si
279 2217 340 2265 quos
351 2203 409 2251 Eois
421 2203 533 2252 intonata
543 2204 656 2252 fluctibus

150 2274 157 2286 ⁵
273 2292 358 2341 Hiems
368 2293 455 2342 adhoc
466 2300 544 2342 vertat
556 2307 638 2341 mare:
663 2342 666 2347 ,

243 2382 300 2430 Non
310 2382 373 2430 Afra
382 2381 433 2430 avis
445 2382 575 2432 descendat
586 2381 610 2429 in
622 2388 733 2431 ventrem
740 2397 837 2443 meum,

273 2472 331 2519 Non
342 2478 438 2531 attagen
450 2471 547 2519 lonicum

241 2559 389 2620 Jtteundior,
401 2574 474 2621 quam
486 2561 550 2609 lecta
561 2560 591 2608 de
602 2558 767 2623 pinguissimis
781 2578 786 2583 ·

275 2648 347 2697 oliva
358 2649 433 2697 ramis
444 2650 571 2708 arborum,

240 2738 291 2785 Aut
300 2736 376 2786 herba
385 2736 478 2800 lapathi
488 2745 559 2800 prata
570 2737 684 2799 amantis,
697 2744 722 2809 et
732 2736 798 2799 grand
824 2732 827 2742 '

275 2826 363 2873 Malvae
374 2826 486 2875 salubres
498 2825 607 2888 corpori,
621 2820 623 2825 ’

241 2913 288 2961 Vel
298 2927 360 2975 agna
370 2913 437 2961 festis
450 2928 513 2963 msa
522 2914 717 2976 Terminalibus,

274 3002 320 3051 Vel
331 3002 421 3051 haedus
434 3012 531 3066 ereptus
542 3004 611 3068 lupo.
