2192 3742
275 500 514 552 EPISTOLARUM
532 503 595 551 ΗΒ.
612 503 633 552 1.
643 502 676 552 iv.
833 504 880 552 271

74 628 216 692 Ingenium,
227 643 278 677 non
291 629 411 679 incultum
419 638 456 679 est
467 644 512 678 nec
521 631 627 694 turpiter
636 630 736 682 hirtum.

74 721 125 769 Seu
135 719 244 780 linguam
255 718 333 768 causis
346 719 422 779 acuis,
434 733 476 767 seu
486 719 561 768 civica
568 723 626 780 jura

14 806 22 812 “
74 806 232 870 Respondere
243 821 325 870 paras,
336 821 379 856 seu
389 807 474 856 condis
486 809 590 857 amabile
600 823 715 872 ‹armen3

76 896 162 944 Prima
170 896 233 944 feras
243 896 340 945 hederae
351 896 455 944 victricis
467 897 582 959 praemia:
599 897 664 960 quod
675 897 696 946 si

75 983 175 1045 Frigida
185 975 304 1033 curarum
312 985 422 1033 fomenta
432 985 570 1046 relinquere
579 1001 662 1050 posses
665 1022 674 1048 ,

64 1053 134 1127 ¹Qun
146 1079 171 1121 te
181 1073 287 1122 coelestis
298 1059 418 1136 sapientia
428 1073 535 1134 duceret,
546 1074 603 1124 ires.

78 1168 132 1215 Hoc
143 1180 215 1229 opus,
227 1165 274 1213 hoc
285 1164 393 1213 studium
404 1164 471 1227 parvi
482 1179 640 1227 properemus
650 1171 675 1214 et
685 1166 771 1230 ampli,

78 1254 105 1304 Si
116 1253 201 1317 patriae
212 1253 337 1313 volumus,
349 1253 370 1301 si
381 1252 451 1301 nobis
463 1253 542 1301 vivere
553 1253 611 1303 cari.

77 1343 158 1392 Debes
168 1342 216 1390 hoc
223 1341 298 1390 etiam
307 1341 450 1401 rescribere,
462 1341 488 1389 Si
499 1340 543 1389 tibi
554 1355 628 1401 cmae,
690 1380 694 1388 .

79 1432 183 1485 Quantae
193 1429 332 1489 conveniat,
343 1428 484 1478 Munatius:
502 1443 532 1477 an
545 1430 685 1479 malesarta

79 1519 166 1568 Gratia
177 1518 337 1580 nequicquam
348 1518 407 1579 coit,
420 1526 445 1567 et
455 1519 618 1567 rescinditur?
653 1520 697 1580 At,
708 1533 750 1568 vus

80 1609 130 1657 Seu
140 1606 233 1656 calidus
244 1606 407 1667 sanguis-seu
419 1621 501 1654 rerum
511 1607 608 1658 inscitia
617 1615 698 1669 vexat,

80 1695 204 1744 Indomita
214 1695 306 1742 cervice
317 1695 393 1754 feros,
404 1695 540 1755 ubicunque
551 1696 661 1744 locorum
721 1681 730 1692 ⁶

78 1782 180 1843 vivitis,
196 1783 291 1844 indigni
302 1783 438 1831 fraternum
450 1797 563 1845 rumpere
575 1782 664 1844 foedus‚

81 1871 194 1922 Pascitur
205 1871 231 1920 iu
241 1878 348 1920 vestrum
359 1870 465 1920 reditum
474 1871 555 1920 votiva
563 1870 689 1932 iuvenca(

270 2211 273 2222 ,
377 2122 540 2207 sersronn
558 2158 600 2206 1v.

330 2335 365 2370 Ab
381 2334 481 2370 ubsrum
504 2333 648 2370 Transeunt.

82 2493 164 2552 Annr,
177 2497 318 2538 nostrorum
329 2501 470 2537 sermonum
481 2487 581 2536 candide
589 2488 675 2549 judex,

83 2577 153 2641 Quid
164 2591 229 2626 nune
239 2585 264 2626 te
274 2577 353 2626 dicam
364 2577 443 2625 faeere
454 2576 479 2625 in
491 2577 590 2638 regione
600 2577 715 2627 Pedana?

84 2665 199 2716 Scribere
209 2664 274 2728 qnod
286 2663 354 2713 Cassi
365 2663 502 2712 Parmensis
517 2665 632 2727 opuscula
641 2665 739 2713 vincat?

84 2757 128 2803 An
139 2753 241 2802 tacitum
252 2753 325 2801 silvas
336 2752 400 2801 inter
411 2760 505 2815 reptare
516 2755 634 2814 salubres,

86 2844 223 2892 curantem
233 2839 346 2903 quicquid
356 2840 456 2901 dignum
467 2839 575 2902 sapiente
584 2842 696 2904 bonoque
706 2845 762 2891 est?

85 2933 148 2980 Non
161 2938 189 2979 tu
199 2944 286 2992 corpus
295 2943 348 2979 eras
359 2930 411 2978 sine
422 2921 527 2993 pectore.
560 2928 592 2978 Di
603 2930 647 2979 tibi
659 2931 774 3001 formam,

87 3017 122 3068 Di
133 3017 179 3066 tibi
189 3017 284 3066 divitias
295 3017 423 3078 dederuut,
434 3024 558 3080 artemque
568 3018 672 3068 fruendi.

87 3087 157 3162 buia
168 3113 253 3155 voveat
263 3101 327 3154 dulci
338 3104 459 3156 nutricula
470 3107 546 3166 maJus
557 3107 666 3169 alumno,
