2192 3742
188 478 235 528 196
424 480 455 532 Q·
473 478 612 533 tionem
630 479 748 531 Fuscci

187 605 214 652 ln
226 618 297 653 eruoe
307 606 410 667 suffigat,
422 606 534 660 Labeone
545 605 653 665 insanior
664 606 727 658 iuter

187 693 264 741 Sanos
274 692 375 742 dicutur
409 695 506 749 Quanto
518 694 565 743 hoc
576 694 690 743 furiosius
701 702 772 756 auus

187 783 267 841 MaJus
278 789 401 843 peceatum
411 784 466 831 est?
495 783 598 831 Paulum
609 782 710 844 deliquit
720 783 828 846 amicus3

190 869 274 934 (Quod
284 870 331 918 nisi
340 870 467 931 oonoedes,
478 871 582 921 habeare
593 871 708 933 insuavis,
719 872 840 933 aoerbus,)

187 958 268 1009 Odisti
278 968 303 1037 et
313 959 387 1022 fugis,
397 967 427 1010 ut
438 962 563 1009 Rusonem
573 960 668 1011 debitor
679 960 754 1011 aeris?

186 1046 246 1108 Qui,
256 1048 316 1109 nisi,
325 1064 382 1099 cum
392 1049 474 1100 u'isoes
485 1050 576 1099 misero
586 1065 674 1101 venere
687 1050 811 1111 Calenus,

186 1140 325 1188 Meroedem
335 1148 378 1189 aut
387 1155 502 1190 nummos
512 1140 579 1190 unde
588 1140 654 1193 uude
664 1140 777 1201 extrieu,
788 1154 883 1193 emuas

187 1228 303 1275 Porrecto
310 1229 396 1289 jugulo
406 1228 532 1290 historias,
541 1229 649 1292 captiuis
659 1238 698 1290 ut,
710 1228 785 1281 audit.

187 1315 338 1366 comminxit
348 1317 439 1367 lectum
449 1326 532 1380 potus,
544 1331 658 1371 mensave
669 1316 779 1371 catillum

185 1405 292 1453 Evandri
302 1406 414 1456 menibus
420 1406 506 1457 ιιίιιιιιι
517 1407 605 1468 dejecit
614 1428 622 1469 ;
640 1408 672 1457 ob
682 1407 746 1457 benc
757 1421 819 1467 rem,

186 1494 237 1541 Aut
246 1494 352 1556 positum
363 1504 420 1545 ante
431 1496 551 1558 meaquia
560 1496 655 1559 pullum
665 1496 690 1544 in
702 1503 771 1559 parte
780 1494 853 1547 eatini

187 1582 291 1631 Susmlit
300 1582 419 1644 esuriens,
431 1584 513 1634 minus
522 1585 570 1635 hoc
577 1584 699 1645 jucundus
709 1583 801 1645 amicus

186 1669 315 1720 Sitmihi?
335 1672 644 1733 Qudfoeiamstinrtum
656 1672 758 1724 feeerit?
777 1673 851 1723 autsi
890 1718 892 1731 ,

187 1758 324 1810 Prodiderit
334 1761 464 1811 eommusa
473 1762 540 1812 tide?
559 1775 705 1824 sponsumve
715 1760 827 1823 merit?

187 1847 261 1903 Queis
272 1849 341 1912 pane
350 1864 404 1899 esse
414 1852 465 1899 rere
475 1850 566 1912 ῃιιιωὶι
575 1857 682 1911 possam
694 1850 817 1909 laborum,

187 1939 359 1988 eumenum
370 1939 401 1987 ad
413 1953 495 1987 verum
506 1946 556 1987 est:
575 1953 660 1989 seusus
671 1951 799 1997 moresque
812 1948 959 1999 repugnant,

186 2029 266 2091 Atque
275 2027 328 2090 ipsa
336 2027 439 2087 utilitas,
448 2026 510 2087 justi
521 2040 596 2089 prope
607 2033 683 2075 meter
695 2033 720 2075 et
731 2025 801 2087 oequi.

113 2111 117 2120 '
188 2117 251 2165 cum
261 2122 434 2177 prorepserunt
443 2113 528 2177 primis
539 2113 655 2163 animalia
664 2112 747 2172 terne,

187 2208 285 2254 Mutum
295 2212 320 2255 et
330 2210 401 2269 turpe
410 2219 493 2267 pecus,
504 2203 617 2265 glandem
629 2211 700 2265 etque
710 2202 800 2251 cubilis
809 2210 911 2264 propter

188 2296 316 2358 Unguibus
327 2305 352 2345 et
362 2298 459 2361 pugnis,
470 2295 527 2343 dein
538 2294 653 2353 fustibus,
665 2301 736 2355 atque
748 2292 782 2343 ita
791 2306 866 2355 porro

187 2387 329 2448 Pugnabant
338 2386 423 2445 umis,
434 2400 488 2446 ques
496 2391 552 2447 post
562 2383 720 2443 fabricaverat
728 2394 802 2441 usus3

188 2478 271 2524 Donec
280 2476 363 2534 ruba,
374 2474 461 2536 quibua
471 2487 541 2521 voces
553 2485 686 2535 sensusque
697 2478 820 2531 notarent,

188 2563 342 2625 Nominaque
352 2563 480 2611 invenere:
498 2561 586 2610 dehinc
596 2561 712 2610 absistere
719 2560 795 2619 bello,

188 2651 284 2717 Oppida
293 2659 420 2715 ooeperunt
430 2650 540 2699 munire:
558 2657 583 2699 et
593 2662 683 2712 ponere
693 2650 769 2709 leges,

188 2745 227 2792 Ne
237 2742 290 2803 quis
302 2742 342 2789 fur
351 2749 425 2801 esset,
439 2754 487 2789 neu
498 2741 572 2798 latro,
584 2753 631 2787 neu
643 2737 696 2800 quis
707 2736 809 2785 adulter.

188 2836 253 2882 Nam
264 2831 311 2880 suit
321 2839 377 2880 ante
388 2833 507 2879 Helenam
516 2843 610 2878 cunnus
621 2827 745 2877 teterrima
755 2823 813 2874 belli

190 2924 281 2972 Causa:
299 2920 341 2969 sed
352 2920 441 2982 ignotis
449 2920 576 2982 perierunt
585 2917 704 2966 mortibus
714 2915 763 2974 illi,

190 3013 257 3065 Quos
267 3010 387 3057 Venerem
398 3008 515 3057 incertam
525 3006 646 3069 rapientes
657 3018 726 3053 more
737 3003 844 3051 ferarum

189 3100 288 3148 Viribus
298 3097 385 3147 editior
394 3097 510 3157 adelrat,
520 3103 550 3144 ut
560 3095 586 3143 in
597 3109 667 3156 grege
677 3101 770 3145 taurus
