2192 3742
305 481 543 538 EPISTOLARUM
560 492 623 541 affl.
642 496 661 543 1.
677 498 727 547 xvi.
801 512 806 520 ’
867 510 912 558 291

109 604 273 654 Srunuonuu
285 607 396 660 incurata
404 613 483 674 pudor
495 617 574 667 malus
585 621 668 672 ulnera
677 626 747 676 celat

61 687 66 696 '
109 690 138 738 Si
150 691 205 753 quis
215 694 280 743 bella
290 695 335 745 tibi
346 705 411 748 terra
422 713 527 763 pugnata
538 707 649 770 marique

108 779 192 840 Dicat,
204 789 228 829 et
239 783 277 832 his
288 785 367 834 verbis
378 801 463 838 uacuas
475 797 623 854 permuloeat
633 813 722 866 aurem

112 868 208 917 “Tene
220 871 296 930 magis
309 874 402 922 salvum
413 879 516 941 populus
528 883 595 944 velit,
608 898 639 934 an
646 894 768 953 'populum
776 902 814 958 tn,

112 958 133 982 “
140 957 226 1006 servet
236 959 261 1007 in
274 962 397 1024 ambiguo,
409 967 450 1028 qui
461 972 568 1020 consulit
579 982 604 1022 et
614 976 658 1026 tibi
670 989 695 1029 et
705 984 771 1045 urbi,

109 1047 118 1071 ‘
122 1048 153 1095 ‘J
155 1048 250 1110 uppiter
258 1051 286 1111 3¹⁹
308 1053 412 1113 Augusti
422 1056 506 1106 laudes
518 1069 652 1121 agnoscere
664 1070 750 1130 possis.

110 1137 176 1184 Cum
186 1138 275 1199 pateris
288 1141 382 1204 sapiens
394 1147 583 1210 emendatusque
593 1156 684 1218 νοωί,

109 1223 283 1287 Respondesne
293 1234 346 1288 tun,
358 1230 397 1278 dic
408 1232 489 1294 sodes,
501 1237 618 1288 nomine?
637 1245 658 1299 ἵ
664 1246 758 1310 Nempe

107 1312 154 1360 Vir
164 1313 244 1362 bonus
255 1321 281 1363 et
290 1316 396 1377 prudens
408 1319 456 1367 diei
467 1321 575 1372 delector
585 1341 629 1388 ego
641 1344 669 1380 ac
679 1341 718 1398 tu..

110 1402 129 1459 ti
137 1399 186 1454 Qui
199 1401 265 1452 dadit
275 1404 322 1453 hoc
331 1406 414 1467 hodie,
426 1422 489 1470 cras,
501 1411 522 1458 si
533 1413 608 1476 volet,
620 1419 729 1484 auferet;
744 1433 774 1474 ut
784 1425 805 1473 si

110 1490 233 1539 Detulerit
243 1492 319 1542 fasees
331 1493 440 1558 indigno,
453 1498 563 1550 detrahet
573 1503 646 1554 idem.

85 1608 90 1614 ,
110 1579 189 1637 Pone,
201 1589 341 1642 meumst,
353 1583 442 1646 iuquit:
460 1602 536 1648 pono,
547 1590 671 1654 tristisque
681 1598 774 1648 reoedo.

108 1665 177 1714 idem
189 1667 210 1715 si
221 1670 310 1719 clamet
320 1654 409 1733 iurem,
421 1684 491 1734 neget
502 1690 555 1724 esse
561 1679 689 1743 pudicum,

108 1755 248 1805 contendat
260 1759 346 1820 laqueo
357 1761 448 1811 collum
459 1764 576 1826 pressisse
584 1776 723 1833 paternum,

109 1843 226 1894 Mordear
238 1849 374 1909 opprobriis
386 1851 453 1900 falsis
465 1861 604 1916 mutemque
614 1858 727 1925 colores?

108 1933 195 1981 Falsus
207 1933 288 1982 honor
295 1938 373 1998 juvat,
384 1946 409 1986 et
420 1941 524 1990 mendax
536 1942 638 1993 insanin
647 1955 732 2009 terret,

109 2017 200 2080 Quem,
209 2022 257 2071 nisi
263 2025 406 2076 mendosum
415 2035 439 2076 et
448 2029 633 2080 medicandum?
647 2034 691 2082 Vir
702 2030 884 2103 bonusestquis

109 2108 159 2163 Qui
170 2112 282 2168 consulta
290 2121 396 2175 patrum,
408 2116 450 2176 qui
461 2118 525 2178 leges
534 2121 638 2182 juraque
648 2133 743 2188 servat3

109 2200 166 2252 Quo
178 2200 261 2249 multae
271 2215 410 2266 magnaeque
416 2216 527 2256 secantur
535 2209 618 2268 jndice
629 2211 701 2274 lites;

108 2289 165 2340 Quo
177 2301 215 2336 res
227 2302 343 2350 sponsore
355 2299 379 2339 et
390 2307 438 2354 quo
449 2307 527 2342 causae
538 2303 600 2345 teste
610 2306 732 2349 tenentum

110 2375 160 2424 Sed
169 2375 235 2424 videt
245 2377 310 2426 hunc
321 2379 401 2427 omnis
413 2380 500 2430 domus
507 2390 531 2430 et
541 2383 630 2433 vicinia
639 2394 692 2435 tnta
770 2422 772 2429 ·

109 2464 234 2514 Introrsus
245 2473 352 2528 turpem,
364 2469 498 2530 speciosum
509 2471 573 2532 pelle
584 2472 680 2522 dwora

109 2553 467 2619 Neefinwmfeci‚necnrgi;
485 2558 654 2610 sirnihidieat

109 2642 213 2690 Servus:
232 2644 312 2692 Habes
322 2646 437 2706 pretium,
450 2646 509 2694 loris
522 2662 573 2695 non
583 2649 672 2711 ureris,
685 2651 732 2701 aio.

108 2734 126 2791 ἹῘ
134 2733 191 2780 Non
202 2731 327 2780 hominem
338 2733 426 2783 occidi:
445 2738 462 2794 ti
470 2737 526 2783 Non
538 2751 620 2798 pasces
630 2737 657 2785 in
666 2753 737 2788 cruce
746 2755 840 2796 eorvos.

8 2869 9 2874 ,
106 2817 196 2874 disum
207 2821 297 2881 bonus,
307 2828 333 2870 et
342 2822 416 2883 frugi:
435 2825 453 2882 ἹῙ
461 2824 551 2872 Renuit
557 2824 693 2888 negitatque
703 2829 828 2881 Sabellus:

108 2909 200 2958 Cautus
212 2909 278 2958 enim
289 2911 375 2960 metuit
385 2913 481 2960 foveam
490 2913 572 2976 lupus,
585 2913 744 2979 aoeipiterque

105 2999 236 3061 Suspectus
247 2999 357 3060 laqueos,
367 3008 392 3049 et
403 3009 514 3063 opertum
523 3001 617 3051 rnili‘rus
627 3004 735 3055 hamum.

105 3087 219 3138 Oderunt
228 3102 326 3151 peecare
336 3089 405 3151 boni,
416 3089 512 3140 virtutis
523 3105 622 3154 amore3
