2192 3742
327 486 519 535 SERMONUM
536 485 599 534 ΜΒ.
617 487 649 534 ΙΙ.
665 486 700 534 iii.
820 494 822 505 '
862 488 909 535 235

109 614 212 661 Graecus
223 610 372 674 Aristippus,
384 612 426 673 qui
436 627 518 661 servos
528 612 647 675 proiicere
657 628 744 662 aurum

110 705 141 751 ln
155 703 235 751 media
242 703 316 763 jussit
327 703 411 766 Libyn,
422 704 479 765 quia
488 703 581 751 tardius
593 703 657 752 irent

109 794 215 855 Propter
226 806 288 841 onus
301 796 404 853 segnes?
423 802 478 841 uter
488 801 526 841 est
535 793 645 842 insanior
655 793 763 842 horum?
854 822 857 829 ·

109 879 155 927 Nil
164 880 213 940 agit
223 882 374 941 exemplum,
385 880 455 929 litem
465 881 530 942 quod
539 880 583 929 lite
595 880 702 929 resolvit.

109 967 138 1015 si
149 968 204 1029 quis
216 976 281 1016 emat
291 968 406 1028 cithares,
418 974 495 1017 emtas
506 976 642 1031 comportet
652 968 676 1016 in
689 984 777 1028 unum,

110 1058 164 1105 Nec
176 1056 256 1105 studio
267 1057 366 1105 cithcrae
377 1072 422 1106 nse
433 1060 512 1106 Musae
522 1058 620 1107 deditus¹
627 1058 690 1119 ulli;

110 1145 139 1193 Si
151 1134 246 1207 scalpra
256 1153 281 1194 et
291 1146 393 1207 formes,
405 1161 454 1195 non
466 1155 551 1208 sutor3
569 1148 666 1196 nautica
676 1148 739 1207 vela,

110 1235 219 1282 Aversus
230 1234 387 1282 mercaturis:
404 1234 495 1282 delirus
506 1242 531 1283 et
540 1248 623 1283 amens

109 1322 227 1384 Undique
238 1322 332 1370 dicetur
342 1322 438 1370 merito.
472 1320 521 1375 ont
532 1322 652 1385 discrepat
663 1320 726 1383 istis,

112 1409 162 1463 Qui
175 1423 289 1457 nummos
301 1406 436 1469 aurumque
446 1408 566 1469 recondit,
578 1409 673 1457 nescius
686 1409 722 1457 uti

113 1497 274 1559 Compositis,
286 1504 443 1558 metuensque
454 1498 521 1543 velut
532 1496 672 1557 contingere
683 1500 795 1545 sacrum?
870 1508 872 1513 ·

112 1585 140 1633 Si
152 1584 207 1645 quis
219 1584 249 1631 ad
260 1584 383 1647 ingentem
394 1584 511 1632 frumenti
522 1598 618 1647 semper
630 1599 741 1633 acervum

110 1676 243 1722 Porrectus
253 1673 337 1733 vigilet
347 1688 403 1721 cum
414 1674 487 1734 longo
499 1674 580 1735 fuste;
598 1687 675 1735 neque
686 1674 754 1722 illinc

112 1762 210 1810 Audeat
220 1762 330 1821 esuriens
342 1761 455 1810 dominus
466 1762 606 1822 contingere
617 1776 730 1822 granum,

115 1853 153 1899 Ac
165 1850 246 1913 potius
260 1851 326 1898 foliis
338 1865 424 1913 porcus
435 1858 546 1900 vescatur
557 1850 659 1899 amaris:

116 1939 154 1999 Si,
167 1938 253 2000 positis
263 1938 330 1987 intus
342 1938 399 1987 cuii
410 1938 544 2000 veterisque
556 1937 653 1991 Falerni

116 2025 190 2074 Milic
199 2024 294 2074 cadis-
299 2026 360 2075 nihil
372 2034 419 2086 est,
430 2034 566 2075 tercentum
578 2025 696 2087 millibus,
709 2040 763 2075 acre

116 2116 189 2162 Potet
199 2121 308 2162 acetum:
326 2128 379 2175 nge,
390 2114 412 2162 si
421 2122 447 2162 et
457 2114 596 2162 stramentis
608 2114 706 2162 incubet
716 2114 793 2163 unde-

116 2202 248 2264 Octoginta
258 2216 336 2251 annos
349 2211 431 2263 nattis,
442 2203 482 2251 cui
493 2204 600 2264 stragula
612 2202 694 2262 vestis,

115 2292 253 2340 Blatturum
262 2305 289 2339 ac
299 2290 420 2340 tinecrum
431 2292 519 2353 epulae,
531 2298 653 2353 putrescat
664 2290 690 2339 in
702 2304 771 2339 arca:

116 2381 243 2429 Nimirum
254 2381 354 2430 insanus
366 2381 449 2444 paucis
460 2381 570 2430 videatur
581 2396 621 2441 eo,
633 2381 698 2443 quod

114 2468 226 2517 Maxima
236 2483 292 2531 pars
303 2469 432 2517 hominum
445 2470 531 2516 morbo
540 2470 645 2529 iactatur
656 2468 750 2517 eodem.

115 2555 192 2604 Filius
204 2555 330 2605 autetiam
341 2556 393 2605 haec
405 2557 506 2605 libertus
517 2564 545 2605 ut
556 2556 636 2605 ebibat
647 2558 735 2616 haeres,
793 2599 794 2605 ,

113 2642 158 2692 Dis
170 2644 364 2705 inimice-senex,
376 2644 502 2693 custodis?
522 2659 553 2693 ne
563 2644 608 2693 tibi
620 2644 701 2693 desit?

113 2734 266 2787 Quantulum
277 2734 342 2782 enim
354 2747 456 2783 summae
467 2733 572 2782 curtabit
583 2733 685 2795 quisquc
695 2732 801 2793 dierum,

113 2824 213 2883 Ungere
222 2822 244 2871 si
254 2824 334 2871 caules
346 2824 401 2872 oleo
414 2822 525 2882 mediore,
537 2828 656 2883 caputque

113 2910 224 2973 Coeperis
235 2910 332 2973 impexa
342 2911 435 2959 foedum
446 2910 570 2973 porrigine
581 2912 590 2957 ?
621 2911 713 2968 Quare,

112 2999 139 3049 Si
151 2998 246 3060 quidvis
257 2998 317 3047 sutis
327 3007 375 3058 est,
385 3001 506 3061 perjuras,
518 2997 631 3059 surripis,
642 2998 723 3045 aufers

112 3086 245 3148 Undique?
274 3088 328 3136 tun'
340 3090 430 3136 sanus?
462 3087 584 3149 Populum
596 3085 617 3134 si
628 3086 719 3134 caedere
732 3085 797 3137 saxis
896 3122 897 3125 ,
