2192 3742
309 473 547 524 EPISTOLARUM
565 475 627 525 LIB.
645 479 677 526 ll.
694 478 720 526 ii.
873 483 920 530 317

110 599 221 648 Audebit
231 614 379 663 quascunque
386 615 476 664 parum
488 603 623 665 splendoris
637 606 772 667 habebunt,

110 690 146 736 Et
157 688 211 737 sine
221 688 329 751 pondere
340 697 422 751 erunt,
434 698 459 738 et
469 691 564 740 honore
574 691 674 753 indigna
684 695 804 755 ferentur,

109 778 195 826 Verba
205 792 301 826 movere
312 780 377 839 loco,
389 779 496 841 quamvis
509 780 586 829 invita
595 783 718 844 recedant,

110 867 145 914 Et
156 873 283 914 versentur
294 867 372 915 adhuc
384 867 449 916 intra
459 869 594 930 penetralia
603 872 691 920 Vestae.

112 954 252 1004 obscurata
262 955 304 1003 diu
315 957 405 1018 populo
416 958 494 1005 bonus
505 965 584 1017 eruet,
596 966 667 1020 atque

112 1043 226 1091 Proleret
236 1041 262 1090 in
274 1045 353 1091 lucem
365 1044 472 1106 speciosa
479 1047 595 1094 vocabula
608 1062 699 1108 rerum,

117 1134 181 1186 Quae
188 1131 273 1193 priscis
284 1140 418 1181 memorata
431 1134 563 1183 Catonibus
575 1144 646 1197 atque
658 1137 769 1199 Cethegis

113 1223 189 1268 Nunc
201 1220 260 1268 situs
272 1220 384 1269 informis
395 1221 483 1282 premit
493 1230 518 1271 et
529 1224 625 1272 deserta
635 1233 755 1274 vetustas:

115 1308 243 1357 Adsciscet
253 1323 327 1368 nova,
338 1324 391 1370 quae
402 1309 497 1370 genitor
506 1311 651 1372 produxerit
660 1327 727 1362 usus.
816 1356 818 1365 .

113 1397 252 1444 Vehemens
263 1405 287 1445 et
297 1395 403 1458 liquidus
415 1411 523 1460 puroque
535 1398 674 1447 simillimus
684 1400 761 1460 amni,

114 1486 211 1534 Fundet
221 1501 290 1548 opes,
303 1487 446 1548 Latiumque
457 1487 537 1535 beabit
545 1486 619 1536 divite
629 1487 723 1549 lingua:

112 1574 276 1624 Luxuriautia
287 1582 437 1636 compescet;
455 1575 528 1622 nimis
541 1588 626 1636 aspera
636 1589 696 1624 sano

84 1717 86 1724 Α
113 1662 214 1712 Levabit
224 1664 291 1710 cultu
302 1681 310 1723 ;
327 1662 416 1710 virtute
428 1662 534 1710 carentia
544 1652 631 1710 tollet:
700 1680 702 1685 ·

113 1751 231 1800 Ludentis
243 1750 347 1812 speciem
354 1749 440 1810 'dabit3
458 1755 483 1796 et
493 1742 656 1810 torquebitur,
668 1757 697 1798 ut
709 1752 750 1812 qui

114 1840 187 1887 Nunc
199 1839 322 1900 Satyrum,
334 1853 399 1886 nunc
411 1844 528 1897 agrestem
541 1837 646 1900 Cyclopa
658 1847 775 1888 movetur.

114 1928 294 1985 tlpraetulerim
305 1927 408 1990 scriptor
419 1927 509 1974 delirus
522 1925 636 1989 inersque
645 1927 732 1988 videri,

114 2020 179 2067 Dum
191 2031 245 2065 mea
255 2017 373 2065 delectent
385 2016 450 2064 mala
461 2030 510 2076 me,
522 2016 561 2063 vel
572 2016 675 2078 denique
686 2017 782 2077 fallant,

115 2110 194 2162 Quam
205 2120 298 2168 sapere,
310 2113 334 2153 et
345 2105 416 2166 ringi.
450 2105 506 2152 Fuit
517 2106 582 2153 haud
594 2105 709 2166 ignobilis
719 2106 803 2167 Argis,

115 2197 163 2251 Qui
173 2209 200 2244 se
210 2196 322 2244 credebat
332 2195 407 2243 miros
418 2194 501 2242 audire
512 2194 644 2254 tragoedos,

115 2287 144 2333 lu
155 2298 231 2332 vacuo
243 2285 316 2332 laetus
323 2296 402 2331 sessor
413 2283 559 2344 plausorque
569 2282 682 2343 theatro;

117 2374 210 2422 Caetera
221 2371 263 2433 qui
274 2371 328 2419 vitae
340 2378 445 2419 servaret
453 2370 540 2418 ‘munia
551 2352 617 2418 recto

116 2466 204 2524 More;
221 2465 299 2510 bonus
311 2475 367 2510 sane
378 2461 481 2520 vicinus,
493 2461 603 2508 amabilis
614 2461 712 2523 hospes,

116 2551 200 2602 Comis
211 2551 236 2599 in
247 2565 361 2610 uxorem,
372 2557 454 2612 posset
466 2550 506 2611 qui
519 2549 643 2610 ignoscere
653 2549 737 2609 serris,

91 2667 93 2671 v
117 2645 149 2691 Et
159 2642 228 2702 signo
239 2643 359 2689 laesonon
371 2639 477 2687 insanire
488 2640 595 2699 lageuae;

118 2733 203 2780 Posset
213 2730 254 2792 qui
266 2744 350 2792 rupem
361 2737 385 2776 et
395 2736 495 2790 puteum
506 2727 582 2775 vitare
593 2734 724 2789 patentem.

119 2817 164 2866 llic
174 2817 216 2865 ubi
227 2825 383 2878 cognatorum
394 2816 479 2878 opibus
490 2815 603 2875 curisque
613 2815 717 2862 refectrrs

119 2887 219 2968 Expulit
228 2888 353 2952 helleboro
365 2883 477 2951 morbum
488 2903 609 2964 bilemque
620 2916 726 2962 meraco,

119 2995 150 3058 Ετ
160 2993 223 3041 redit
234 2992 265 3041 ad
273 3007 325 3041 sese
336 3013 341 3040 ι
361 2993 415 3052 Pol,
429 3007 467 3039 me
479 2991 611 3051 occidistis,
622 2991 704 3050 amici,

121 3083 176 3130 Non
188 3080 311 3140 servastis,
324 3080 367 3141 ait,
377 3080 416 3128 cui
428 3079 462 3128 sic
473 3087 570 3128 extorta
579 3082 700 3142 voluptas,
