2192 3742
272 459 511 509 EPISTOLARUM
528 459 592 508 ΜΒ.
609 458 629 508 1.
646 461 672 509 ii.
825 462 873 510 269

67 589 186 639 Rusticus
197 585 320 651 exspectat
331 587 389 635 dum
401 587 491 635 defluat
501 587 596 649 amnis3
613 595 639 636 at
650 588 693 638 ille

66 678 183 737 Labitur,
194 684 219 726 et
229 677 326 725 labetur
336 675 362 723 in
373 689 447 724 omne
457 675 571 725 volubilis
584 692 671 726 aerum.

65 765 195 820 Qnaeritur
206 771 343 826 argentum,
355 763 483 825 puerisque
494 765 565 813 beata
574 764 684 813 creandis

65 857 152 915 Uxor,
164 861 189 903 et
199 854 296 903 inunita
308 860 424 916 pacantur
435 868 533 902 vomere
544 853 620 902 silva).

66 943 144 998 Quod
156 943 214 992 satis
226 951 263 992 est
273 941 313 991 cui
323 941 435 1004 contigit,
446 942 486 990 hic
497 942 560 991 nihil
571 942 675 1006 amplius
686 950 760 1006 optet.

64 1035 127 1082 Non
136 1033 224 1082 domus
235 1032 371 1092 oriundus,
384 1046 434 1080 non
446 1031 502 1081 aeris
513 1046 611 1081 acervus
622 1040 647 1081 et
657 1032 711 1081 auri
790 1095 793 1098 ἢ

64 1124 172 1184 AEgroto
183 1120 276 1170 domini
287 1120 387 1169 deduxit
398 1133 501 1182 corpore
511 1120 602 1180 febres,

64 1214 126 1261 Non
140 1210 222 1260 animo
233 1223 311 1259 curas.
344 1209 430 1258 Valeat
440 1222 566 1271 possessor
577 1216 684 1270 oportet,

64 1300 93 1349 Si
104 1299 262 1363 comportatis
274 1299 345 1347 rebus
356 1290 517 1359 bene'cogitat
527 1296 572 1346 uti.
773 1322 776 1329 ‹

44 1408 48 1423 ·
64 1388 355 1463 Q,
363 1390 433 1448 juvat
444 1388 515 1437 illurn
527 1388 563 1437 sic
573 1387 661 1437 domus
669 1397 694 1438 et
703 1403 754 1450 res,

63 1480 103 1528 Ut
112 1477 208 1541 lippum
219 1476 288 1540 pictae
298 1477 396 1538 tabuiae,
409 1477 518 1526 fomenta
528 1477 670 1541 podagram,

63 1565 197 1616 Auriculas
208 1566 307 1627 citharae
317 1566 420 1615 collecta
430 1566 502 1614 sorde
512 1566 632 1616 dolentes.

45 1653 195 1726 'Sincernm
207 1661 245 1702 est
255 1653 304 1702 nisi
316 1667 372 1715 vas;
390 1654 558 1716 quodcumque
569 1653 688 1715 infundis,
701 1654 796 1703 acescit.

62 1746 160 1806 Sperne
170 1744 319 1808 voluptasss:
337 1751 409 1792 nocet
420 1752 485 1792 emta
496 1744 582 1792 dolore
592 1746 709 1807 voluptas.

62 1835 168 1895 Semper
178 1846 264 1880 avarus
276 1840 342 1892 eget:
361 1840 454 1880 certum
465 1839 522 1880 voto
533 1839 588 1895 pete
599 1833 682 1882 finem.
700 1823 705 1829 ’

62 1920 167 1970 Invidus
178 1920 278 1969 alterius
288 1919 416 1968 macrescit
426 1921 498 1968 rebus
511 1920 613 1991 opimis:

63 2008 163 2058 Invidia
173 2008 249 2058 Siculi
261 2023 309 2057 non
322 2007 437 2057 invenere
447 2009 544 2071 tyranni

63 2101 149 2159 Majus
161 2105 320 2146 tormentum.
354 2097 402 2150 Qui
414 2110 464 2145 non
476 2097 642 2147 moderabitur
652 2099 706 2158 irre,

62 2186 188 2235 infectum
200 2187 265 2234 volet
275 2199 338 2245 esse,
348 2184 420 2234 dolor
432 2184 497 2246 quod
507 2185 610 2250 suaserit
620 2194 645 2234 et
656 2199 735 2247 mens,

62 2275 132 2322 Dum
143 2287 228 2337 poenas
239 2272 296 2321 odio
307 2286 350 2335 per
361 2272 410 2320 vim
421 2271 520 2320 festinat
530 2273 619 2321 inulto.

63 2364 107 2410 lra
117 2363 187 2410 furor
198 2360 277 2409 brevis
288 2367 339 2409 ests
357 2359 551 2427 Q:
568 2361 620 2422 qui,
637 2361 685 2410 nisi
696 2371 774 2426 paret,

64 2453 185 2513 Imperat:
202 2449 268 2497 hunc
279 2447 362 2496 naenis
383 2448 449 2497 hunc
470 2463 486 2496 u
525 2464 550 2495 m
589 2453 593 2460 '
699 2465 721 2500 a.

64 2540 149 2601 Fingit
159 2553 249 2601 equum
261 2546 346 2586 tenera
356 2536 460 2585 docilem
471 2537 562 2585 cervice
573 2538 687 2600 magister

64 2633 106 2679 ire
117 2628 183 2678 viam
194 2641 242 2689 qna
252 2634 373 2676 monstret
384 2639 465 2688 eques.
499 2627 640 2690 venaticus,
652 2643 683 2677 ex
695 2643 743 2692 quo

62 2721 189 2780 Tempore
200 2716 322 2766 cervinam
335 2717 424 2778 pellem
435 2715 533 2764 latravit
543 2716 569 2764 in
581 2717 646 2777 aula,

64 2807 161 2857 Militat
172 2805 198 2854 in
209 2805 275 2862 silvis
286 2805 389 2853 candus.
422 2806 495 2854 Nunc
506 2804 592 2854 adbuc
602 2819 664 2868 puro

63 2899 170 2946 Pectore
180 2896 254 2944 verba
265 2909 334 2959 puer,
346 2907 411 2942 nuno
422 2900 447 2942 te
457 2893 599 2942 melioribus
610 2895 679 2943 offer.

62 2987 122 3039 Quo
134 2985 209 3034 semel
220 2990 258 3032 est
264 2982 357 3032 imbuta
367 2994 461 3043 recens,
473 2981 578 3031 sonabit
586 2983 686 3032 odorem
