2192 3742
322 481 515 531 ssRleNUM
533 484 597 533 ΜΒ.
615 484 647 531 11.
664 483 700 533 iii.

108 607 182 666 Solo,
194 606 230 654 nil
243 605 321 667 verbi,
332 622 417 671 pereas
427 608 487 671 quin
498 610 605 671 fortiter,
616 611 712 661 addam.

108 697 191 749 Quem
202 696 269 743 mala
279 695 394 757 stultitia,
405 704 431 745 et
440 712 609 761 quemcunque
619 698 716 749 inscitia
725 702 776 751 verl

109 781 209 830 cresum
220 780 280 843 agit,
291 782 406 833 insanum
417 785 547 848 Chrysippi
557 786 665 848 porticus
676 796 702 836 et
711 802 770 850 grex
824 791 829 797 '

92 849 237 919 iltutumat.
271 874 330 921 Haec
340 875 454 935 populos,
462 875 514 923 haec
524 888 626 937 magnos
637 876 744 926 formula
754 892 832 940 reges,

106 959 219 1022 Excepto
229 959 348 1023 sapiente,
360 969 435 1011 tenet
468 966 541 1012 Nunc
551 964 631 1027 accipe
642 979 717 1027 quare

106 1046 236 1109 Desipiant
246 1062 332 1098 omnes
343 1065 411 1112 osque
421 1064 449 1099 ac
459 1060 497 1111 tu,
506 1052 549 1113 qui
560 1052 605 1102 tibi
615 1068 705 1103 nomen

107 1136 200 1184 insano
210 1150 322 1198 posuere.
354 1139 428 1187 Velut
438 1139 517 1200 silvis,
527 1141 571 1189 uhi
581 1142 672 1204 passim

108 1225 223 1273 Palams
234 1240 304 1275 error
314 1235 382 1276 certo
392 1227 423 1276 de
432 1229 530 1277 tramite
540 1230 620 1292 pellit,

106 1314 154 1362 Ille
166 1313 345 1375 sinistrorsum,
355 1315 397 1365 hic
407 1315 564 1367 dextrorsum
575 1318 642 1381 ahlt3
659 1334 722 1369 unus
733 1319 830 1382 unique

106 1402 198 1463 Error,
209 1402 253 1451 sed
262 1403 335 1452 variis
346 1403 429 1453 illudit
438 1405 548 1468 partibus
558 1426 564 1455 ε
581 1407 628 1457 hoo
638 1416 664 1457 te

108 1489 188 1539 Crede
199 1490 273 1539 modo
284 1490 414 1554 insanum
430 1492 511 1541 nihilo
520 1502 551 1541 ut
560 1494 692 1559 sapientior
703 1495 756 1558 ille,

108 1577 159 1631 Qui
169 1585 194 1626 te
204 1578 309 1640 deridet,
320 1579 422 1629 wedam
431 1581 522 1631 mahat
554 1584 600 1632 Est
610 1598 686 1645 genus
698 1600 774 1637 uuum

106 1666 224 1717 suttune
235 1668 341 1717 nihilum
352 1670 483 1719 metienda
492 1669 601 1721 timentis
610 1692 618 1733 3
635 1680 664 1721 ut
674 1672 752 1735 ignes,

106 1758 144 1806 Ut
156 1770 230 1819 rupes
242 1757 375 1820 fluviosque
385 1758 412 1806 ln
422 1773 507 1822 campo
518 1761 615 1809 obstare
626 1770 755 1823 queraturt

106 1846 222 1893 Alterum
233 1852 259 1894 et
268 1846 327 1895 huic
336 1860 421 1895 varum
431 1855 457 1897 et
467 1847 546 1897 nihilo
558 1846 700 1911 sapientius,
712 1849 779 1912 ignes

104 1934 154 1981 Per
166 1931 260 1981 medios
272 1932 406 1994 fluviosque
417 1934 526 1983 mentis:
544 1936 633 1985 damet
643 1935 721 1987 amica

105 2019 199 2081 Mater,
210 2020 315 2069 honesta
325 2035 407 2083 soror,
417 2036 474 2071 sum
484 2022 604 2084 manans,
615 2032 694 2087 pater,
705 2039 769 2075 uxor
778 2045 787 2089 3

105 2108 392 2171 liiclossaestingens!
409 2110 669 2173 hlcrupesmaximal
687 2117 773 2165 serva!

105 2200 165 2247 Nou
177 2198 254 2259 mans
265 2198 371 2249 audierit
380 2213 455 2261 ‹pmm
466 2200 550 2249 lithos
560 2201 643 2251 ebrius
653 2202 724 2263 olim,

105 2288 171 2337 eum
183 2286 289 2335 Ilionam
299 2286 422 2350 edormlt;
440 2288 548 2337 Catienis
560 2288 628 2337 mille
639 2289 761 2352 ducentis,

103 2380 186 2427 Mater
196 2385 222 2425 te
233 2379 341 2440 appello,
352 2377 522 2428 damaudbns.
556 2377 620 2427 Huic
630 2392 674 2440 ego
685 2380 784 2442 viduum

102 2465 191 2515 Emori
201 2465 308 2515 similem
320 2474 435 2515 euncmm
446 2466 555 2516 insanire
566 2468 666 2518 docebo.

102 2555 199 2603 Insanit
209 2562 303 2604 veteres
314 2563 406 2604 samm
418 2544 580 2620 Damasippus
591 2558 708 2607 mendo:

103 2644 200 2705 lntegm
209 2649 248 2692 est
258 2641 348 2690 mentis
360 2642 501 2706 Damasippi
512 2644 636 2693 emtor?
655 2653 724 2707 esto,
792 2696 801 2701 ,,

101 2730 193 2793 Accipe
202 2730 269 2792 quod
281 2744 408 2792 uunquam
419 2730 505 2781 reddas
516 2732 588 2792 mihi,
600 2733 622 2782 si
633 2731 677 2781 tibi
689 2732 778 2795 dicam,

102 2822 175 2870 'lune
185 2819 286 2869 insanus
297 2820 357 2881 erls,
368 2820 389 2869 si
399 2821 537 2884 acceperis?
556 2836 589 2870 an
599 2822 674 2883 magis
684 2836 782 2884 eunom,

102 2911 203 2970 Rejeota
211 2909 304 2972 prada,
316 2923 390 2971 quam
401 2925 508 2973 presens
519 2910 657 2960 Mercurius
668 2911 737 2961 fert?
771 2944 776 2962 .

100 2998 186 3048 Scribe
196 2998 281 3048 decem
292 3013 309 3048 a
318 2999 410 3049 Nerio:
428 3014 479 3049 nou
490 3007 529 3048 est
539 3000 615 3063 satis;
632 3000 693 3051 adde
705 3001 796 3052 Cicutae

99 3085 196 3136 Nodosi
206 3088 302 3137 tabulas
312 3095 423 3149 centum,
435 3087 505 3161 mille
515 3088 577 3137 adde
588 3096 699 3139 meum:

861 490 908 539 233
