2192 3742
195 492 242 540 roi
432 494 465 546 o
482 492 621 542 uonnru
639 494 756 544 runccr
838 462 841 467 ’

195 606 822 685 Edogiettemerrheesorleretusvineuini’roteru.
898 700 901 706 ι

196 712 757 779 Cnnrnpiesinjnsrnniisridentemelienis,

115 792 120 800 ’
195 800 249 849 Fiet
259 814 327 863 aper,
338 803 413 853 modo
423 803 484 863 oris,
494 804 568 852 modo
579 818 676 865 mum,
687 813 724 866 et,
732 820 788 854 cunr
799 807 877 867 volet,
889 808 973 856 arbor.

196 890 614 954 Simderemgerereiusoniest;
631 894 882 956 contrabene‚seni;
974 910 979 915 ·

196 978 307 1027 Potidius
317 980 395 1027 multo
405 980 532 1028 oerebrnm
542 988 590 1041 est,
603 982 663 1030 mihi
675 982 756 1042 crede,
768 982 855 1031 Perilli

126 1053 130 1064 ¹
195 1068 325 1129 mes,
336 1070 402 1130 quod
412 1078 441 1117 tu
451 1084 576 1131 nunquam
586 1070 719 1121 rescribere
729 1072 817 1134 possis.

194 1156 298 1216 Audire,
309 1164 382 1219 etque
392 1166 473 1218 togam
481 1159 557 1217 jubeo
568 1172 725 1220 componere,
737 1158 846 1221 quisquis

195 1245 336 1294 Ambitione
346 1247 412 1294 malo
422 1253 465 1294 out
474 1246 568 1307 argenti
579 1248 654 1308 pallet
665 1260 758 1308 amore,
828 1264 831 1269 ·

196 1334 312 1396 Quouis
322 1336 430 1395 luxurio,
440 1334 535 1383 nistive
544 1334 727 1397 superstitione,
796 1347 801 1351 ·

194 1424 247 1470 Ant
257 1423 305 1470 olio
316 1424 405 1471 mentis
416 1424 503 1471 morbo
513 1424 595 1484 ωας
611 1424 660 1471 huc
671 1423 770 1487 propius
783 1436 833 1481 me,

195 1512 262 1559 Dum
273 1510 348 1559 dooeo
358 1512 465 1561 hennuc
476 1526 573 1572 omnes,
584 1526 627 1560 vos
639 1512 724 1561 ordine
736 1512 807 1561 edite.

196 1598 282 1647 Dnnde
290 1606 328 1648 est
338 1600 458 1649 hellebori
469 1602 549 1649 multo
560 1614 615 1664 pars
627 1600 734 1649 maxima
744 1599 835 1648 noris:

196 1687 285 1736 Nescio
296 1702 327 1736 nn
339 1690 481 1752 Anticyram
492 1691 555 1739 ratio
566 1690 616 1740 iilis
628 1690 732 1739 destinet
740 1702 846 1738 omnem.

197 1775 310 1824 Heredes
322 1776 417 1827 Staberi
426 1792 548 1826 summm
561 1778 666 1827 incidere
676 1778 787 1840 sepulao
796 1796 802 1823 ι

196 1863 229 1911 Ni
240 1864 275 1912 sic
285 1864 408 1925 fecissent,
419 1866 580 1926 gladiatorum
592 1866 650 1915 dere
660 1874 758 1915 centum

195 1952 310 2001 Damnati
318 1954 409 2016 populo
419 1954 498 2018 pono,
509 1964 581 2017 atque
592 1956 701 2017 cpidum,
713 1953 812 2003 arbitrio
824 1952 883 2001 Arri
893 1974 902 2015 ;

196 2040 322 2088 Frumenti
331 2049 450 2105 quantum
462 2044 532 2091 metit
541 2043 633 2091 Afriee
667 2042 722 2091 Sive
733 2056 777 2103 ego
789 2056 873 2105 prave,

196 2128 245 2176 seu
255 2136 330 2189 roeoe,
342 2129 389 2177 noc
399 2130 483 2192 v01n3
500 2144 532 2179 ne
542 2106 577 2179 ni
587 2138 688 2193 patruo
700 2129 768 2178 nihi.
803 2129 884 2179 eredo

196 2218 250 2264 Hoc
260 2215 355 2266 Staberi
364 2217 509 2280 prudentem
519 2218 630 2267 animum
643 2217 736 2267 vidisse
770 2216 835 2271 Quid
846 2230 906 2277 ergo

196 2303 288 2364 Sensit,
299 2319 355 2353 cum
364 2292 487 2354 sommam
499 2304 632 2367 patrimoni
643 2306 781 2367 insonpere
791 2318 851 2352 saxo

196 2393 311 2442 Heredes
321 2393 416 2441 voluit?
452 2394 540 2448 Quoad
551 2394 622 2454 vixit,
634 2394 736 2443 eredidit
747 2394 831 2454 ingens

196 2481 340 2543 Pauperiern
349 2480 447 2541 vitium,
458 2489 484 2530 et
493 2482 556 2531 eavit
566 2483 629 2531 nihil
641 2482 719 2532 uerius
728 2502 736 2545 ;
754 2490 791 2542 ut,
804 2482 825 2529 si

136 2595 141 2599 ·
195 2570 269 2617 Forte
280 2568 361 2618 minus
372 2570 480 2631 locuples
490 2584 542 2618 nno
554 2571 688 2631 quadrante
698 2570 810 2634 perisset,

196 2658 250 2719 ipse
260 2656 382 2707 videretur
393 2656 439 2706 sibi
450 2658 566 2719 nequior:
584 2658 665 2708 omnis
676 2658 742 2707 enim
754 2672 804 2718 res,
831 2690 835 2697 -

195 2745 290 2807 Virtus,
302 2747 377 2807 nme,
389 2747 472 2806 decos,
484 2745 567 2795 divine
576 2748 730 2809 humanaque
741 2744 849 2809 pulchris

196 2833 292 2883 Divitiis
302 2842 405 2898 pereat,
423 2848 482 2896 quos
493 2834 536 2895 qui
546 2835 706 2896 contraxerit,
718 2835 761 2883 ille

181 2913 185 2918 ⁴
197 2924 284 2972 Clarus
294 2924 353 2983 erit,
366 2923 448 2983 fortis,
457 2924 727 2986 iustus-sapiensne?
746 2922 844 2971 Etiam!
863 2927 888 2969 et
900 2932 957 2978 rex,

196 3016 228 3063 Et
239 3014 352 3077 quioquid
361 3014 434 3062 volet.
468 3016 532 3074 Hoc,
543 3013 619 3062 veluti
630 3013 720 3061 virtute
730 3020 852 3074 paratum,

197 3105 307 3165 speravit
317 3116 410 3163 magne
420 3102 488 3151 laudi
499 3103 560 3150 iore.
594 3101 660 3155 Quid
671 3100 751 3149 simile
763 3099 803 3147 isti
