2192 3742
333 475 572 542 nrlsrcnssuns
590 495 652 545 nin.
666 497 697 544 ιι.
714 497 732 545 r.
883 501 929 546 311

128 623 224 669 Verum
236 634 279 681 age
290 628 316 669 et
325 621 374 681 his,
385 621 427 682 qui
437 636 463 670 se
475 613 561 670 lectori
571 617 669 671 credere
680 623 785 684 mdunt,
873 683 878 688 δ

129 713 213 765 Quam
225 709 367 773 spectatoris
379 711 475 758 fastidia
486 711 552 760 ferre
561 711 669 775 superbi,

132 800 226 849 Curam
239 793 312 848 re'dde
322 801 438 860 brevem3
456 800 477 848 si
489 813 583 850 munus,
589 801 705 863 Apolline
715 800 816 862 dignum

128 886 175 936 Vis
186 888 309 950 complere
320 887 400 946 libris,
413 895 437 935 et
448 887 543 936 vatibus
554 888 642 937 addere
653 890 742 949 cnlcar,

96 1002 99 1009 ·
130 976 168 1024 Ut
178 974 260 1023 studio
271 977 363 1035 majore
375 982 458 1036 petant
470 975 591 1024 Helicona
601 975 729 1026 virentem.

129 1065 214 1112 Multa
223 1062 320 1125 quidem
332 1063 403 1112 nobis
415 1063 518 1112 fecimus
530 1064 596 1112 mala
607 1078 670 1126 saepe
683 1065 776 1123 Poste,

136 1153 185 1216 (Ut
195 1152 276 1200 vineta
284 1158 380 1212 egomet
389 1151 480 1200 cedam
493 1150 556 1212 mea)
571 1167 628 1200 num
639 1152 685 1200 tibi
694 1151 785 1200 librum

132 1239 236 1289 Solieito
247 1239 343 1299 demus,
356 1247 398 1288 aut
406 1241 485 1301 fessc;
503 1253 560 1288 cum
571 1239 694 1300 laedimur,
703 1254 782 1288 unum

133 1328 160 1377 Si
173 1327 228 1389 quis
236 1327 373 1378 amicorum
384 1335 422 1377 est
433 1341 504 1378 misus
516 1328 661 1391 reprendere
672 1343 786 1390 versum3

135 1417 200 1466 Cum
211 1416 266 1465 locs
273 1417 325 1477 jam
336 1416 436 1466 recitate
446 1417 591 1466 revolvimus
603 1417 747 1484 inevcneti3

134 1506 200 1554 Cum
210 1493 384 1566 lamentamur,
396 1521 446 1555 non
458 1521 575 1570 apparere
585 1508 681 1555 labores

136 1596 252 1654 Nostros,
262 1601 286 1643 et
297 1594 365 1643 tenui
377 1594 479 1644 deducte
490 1593 604 1658 poemate
615 1595 672 1643 filo:

134 1683 198 1730 Cum
213 1696 337 1745 speramus
349 1696 378 1730 eo
389 1697 442 1730 rem
452 1691 591 1742 venturam,
601 1690 641 1741 nt,
652 1683 725 1730 simul
737 1689 809 1742 atque

136 1768 253 1819 Carmina
264 1769 374 1818 rescieris
386 1770 544 1832 restingere,
557 1769 699 1818 commodus
711 1771 778 1817 ultro

135 1860 262 1920 Arcessas,
275 1867 300 1908 et
311 1873 381 1920 egere
391 1866 467 1918 vetes,
479 1866 504 1908 et
512 1858 618 1907 scribere
628 1866 706 1919 cogas.

136 1946 186 1996 Sed
196 1953 279 1994 tamen
288 1953 325 1994 est
335 1960 414 2009 cperae
426 1946 531 2009 pretinm
542 1959 697 2006 cognoscere,
709 1946 792 2007 quales

136 2034 251 2084 AEdituos
261 2035 348 2082 habent
359 2035 417 2083 belli
428 2041 534 2097 spectata
545 2034 660 2094 domique

137 2123 233 2182 Virtus,
246 2122 345 2183 indigno
357 2136 407 2171 non
418 2122 593 2171 committendo
602 2120 690 2185 polite.
765 2125 770 2128 ’

139 2212 230 2260 Gratus
242 2211 383 2259 Alexandro
395 2211 445 2270 regi
456 2212 547 2270 Magno
558 2209 606 2257 fuit
616 2210 659 2257 ille

138 2299 273 2358 Choerilus,
281 2297 379 2346 incultis
391 2298 433 2359 qui
442 2297 552 2346 versibus
563 2305 588 2344 et
598 2297 661 2345 male
672 2279 736 2344 natis
774 2272 779 2279 Ι

139 2386 244 2436 Rettrdit
251 2393 372 2448 acceptos,
384 2385 463 2445 regale
475 2385 606 2444 nomisma,
619 2384 751 2448 Philippos.
768 2413 778 2426 κ

141 2473 189 2522 Sed
199 2473 275 2522 veluti
286 2480 388 2522 neemia
399 2479 483 2521 notam
494 2472 623 2534 labemque
633 2473 762 2522 remittunt
861 2502 867 2510 ι

140 2564 295 2621 Atramenta,
307 2562 358 2610 fere
370 2561 499 2624 scriptores
509 2562 618 2610 carmine
629 2562 696 2611 foedo

142 2649 274 2714 Splendida
285 2650 348 2698 facta
358 2649 448 2698 linunt.
483 2649 550 2698 ldem
562 2664 606 2698 rex
616 2650 669 2711 ille,
680 2654 768 2712 poema

143 2739 191 2794 Qui
200 2745 251 2787 tam
262 2737 391 2789 ridiculum
403 2744 452 2785 tanr
461 2751 516 2786 care
527 2739 641 2801 prodigus
652 2739 722 2798 emit,

144 2826 230 2877 Edicto
240 2827 317 2876 vetuit
328 2842 360 2876 ne
371 2825 424 2888 quis
436 2841 472 2886 se,
485 2835 573 2888 praeter
585 2828 699 2890 Apellen,

144 2917 267 2978 Pingeret,
279 2923 321 2964 aut
331 2915 393 2965 alius
405 2915 508 2978 Lysippo
520 2915 619 2964 duceret
627 2930 678 2965 aera

146 3005 225 3056 Fortis
236 3004 370 3054 Alexandri
380 3005 475 3054 mltum
486 3003 634 3053 simulantis
668 3005 741 3060 Quod
752 3005 773 3054 si

146 3093 270 3144 iudicium
281 3093 370 3142 subtile
379 3091 488 3140 videndis
500 3092 592 3141 artibus
602 3092 664 3141 illud
