2192 3742
304 531 542 585 EPISTOLARUM
564 535 626 585 121ss.
644 537 676 585 11.
691 534 708 581 i.
858 539 906 589 309

111 657 209 706 Gracia
219 665 288 720 capta
300 658 377 708 ferum
389 661 504 710 victorem
515 663 588 725 cepit,
600 672 625 712 et
634 673 698 713 artes

112 745 201 796 Intulit
213 749 299 810 agresti
311 749 388 798 Latio.
422 751 462 800 Sic
473 752 587 800 horridus
598 753 641 801 ille
695 807 698 812 ,

112 837 223 886 Deduxit
234 852 349 887 numerus
362 841 499 901 Saturnius,
510 849 536 890 ct
547 856 618 902 grave
627 842 694 892 virus

112 925 242 975 Munditias
254 929 381 989 pepulere:
400 928 442 976 sed
453 929 478 976 in
488 929 589 992 longum
599 938 681 979 tamenn
692 947 770 980 aevum

112 1018 268 1078 Maesessum,
280 1017 400 1079 hodieque
412 1027 512 1066 manent
522 1019 622 1080 vestigia
632 1021 704 1069 ruris.

113 1107 189 1155 Serus
201 1106 266 1154 enim
275 1107 366 1156 Graecis
378 1107 484 1155 admovit
495 1108 608 1156 acumina
617 1109 726 1170 chartis;

110 1199 144 1246 Et
153 1205 209 1261 post
220 1197 311 1246 Punica
321 1199 386 1247 bella
397 1198 502 1260 quietus,
515 1214 624 1260 quaerere
636 1200 710 1262 coepit

114 1286 180 1340 Quid
192 1287 323 1349 Sophocles
334 1294 359 1335 et
369 1287 471 1349 Thespis
482 1295 507 1336 et
518 1289 647 1351 AEschylus
660 1289 721 1337 utile
732 1289 831 1338 ferrent
853 1350 855 1354 v

112 1375 227 1424 Tentadit
237 1389 333 1438 quoque
344 1390 407 1435 rem,
419 1375 440 1424 si
451 1376 521 1436 digne
530 1385 624 1425 vertere
634 1384 732 1439 posset3

111 1465 145 1512 Et
156 1448 247 1526 placuit
258 1464 314 1524 sibi,
326 1471 412 1512 natura
421 1464 534 1512 sublimis
548 1471 573 1513 et
583 1478 651 1513 acer:

113 1554 179 1601 Nam
188 1552 264 1615 spirat
273 1552 390 1614 tragicum
402 1553 469 1612 satis,
481 1561 506 1601 et
516 1553 619 1602 feliciter
630 1554 720 1615 audet3

114 1640 163 1689 Sed
173 1648 269 1703 turpem
280 1647 349 1703 putat
360 1640 446 1688 inscite
457 1641 590 1701 metuitque
600 1641 707 1690 lituram,

113 1729 239 1788 Creditur,
251 1744 282 1777 ex
291 1729 371 1777 medio
383 1728 439 1790 quia
451 1742 489 1776 ras
501 1728 609 1788 arcessit,
622 1728 710 1776 habere

115 1811 219 1868 Sudo'ris
230 1819 376 1880 minimum
392 1818 438 1866 sed
448 1819 520 1865 habet
533 1817 660 1866 Comoedia
671 1825 739 1865 tanto

116 1907 177 1955 Plus
188 1907 280 1967 oneris,
292 1913 383 1968 quanto
395 1907 470 1955 veniae
482 1905 572 1953 miuus.
604 1905 702 1967 Aspice,
715 1907 815 1953 Plautus

117 1997 173 2048 Quo
185 2002 254 2057 pacta
265 2002 344 2057 partes
355 2000 448 2044 tutetur
460 1993 564 2042 amantis
574 1993 675 2056 ephebi;

117 2085 154 2133 Ut
164 2084 239 2146 patris
251 2084 353 2146 attenti,
370 2083 467 2132 lenonis
478 2091 506 2131 ut
517 2083 642 2132 insidiosis

116 2175 229 2227 Quantus
243 2173 275 2221 sit
286 2174 428 2222 Dossennus
440 2172 553 2220 edacibus
564 2171 588 2220 in
601 2171 729 2234 parasitis,

115 2263 197 2315 Quam
211 2274 260 2309 non
272 2260 386 2310 adstricto
397 2268 523 2323 percurrat
532 2260 627 2322 pulpita
637 2274 716 2308 socco.

117 2349 198 2398 Gestit
208 2349 274 2397 enim
286 2363 414 2397 nummum
426 2349 451 2395 in
463 2349 557 2396 loculos
569 2348 712 2410 demittere3
729 2349 842 2410 posthoc
865 2369 869 2373 ·

117 2442 231 2500 Securus,
243 2440 313 2488 cadat
323 2454 353 2488 an
366 2447 432 2488 recto
444 2446 491 2488 stet
503 2439 585 2487 fabula
595 2440 654 2487 talo.

115 2533 196 2585 Quem
206 2529 264 2578 tulit
275 2530 306 2578 ad
317 2543 415 2578 scenam
425 2537 526 2578 ventoso
539 2529 617 2590 gloria
627 2543 719 2589 curru,

115 2618 249 2668 Exanimat
258 2619 338 2666 lentus
350 2626 480 2680 spectator,
489 2617 587 2666 sedulus
600 2614 681 2666 instat.

116 2709 157 2758 Sic
168 2710 230 2768 leve,
242 2707 277 2757 sic
288 2720 388 2770 parvum
399 2714 446 2768 est,
458 2708 568 2758 animum
579 2707 644 2768 quod
654 2705 733 2754 iaudis
742 2698 843 2753 avarum

115 2797 218 2846 Subruit
228 2810 255 2844 ac
266 2795 351 2844 reficit.
383 2796 469 2844 Valeat
479 2809 517 2844 res
529 2795 633 2854 ludicra,
646 2795 667 2842 si
679 2804 718 2841 me

115 2887 201 2934 Palma
211 2892 296 2946 negata
307 2899 427 2945 macrum,
439 2885 529 2932 donata
539 2883 634 2932 reducit
644 2881 762 2944 opimum.

117 2978 198 3038 Saepe,
210 2974 283 3023 etiam
295 2975 420 3035 audacem,
432 2975 499 3034 fugat
509 2974 557 3022 hoc
570 2980 690 3035 terretque
701 2970 810 3036 poetam,

115 3063 189 3118 Quod
201 3077 303 3111 numero
315 3064 406 3125 plures,
417 3061 506 3111 virtute
518 3063 647 3111 ethonore
659 3061 777 3119 minores,

63 3136 67 3140 ⁵
116 3151 212 3200 Inducti
224 3151 364 3214 stolidique,
376 3158 401 3199 et
411 3151 546 3213 depugnare
558 3150 646 3213 parati,
718 3183 723 3192 ι
