2192 3742
181 451 229 524 inc
414 475 444 526 o.
463 473 604 524 nonnul
620 473 738 524 runccr

183 599 280 650 Rectius
292 599 394 648 iliacum
405 613 502 650 carmen
514 600 614 650 deducis
625 601 652 650 in
662 608 740 664 ectus,

184 692 263 744 Quum
275 688 296 737 si
307 689 429 751 proferres
440 688 524 749 ignote
531 689 669 750 indictaque
680 689 783 753 primus.

186 778 285 827 Publice
297 777 409 828 materies
421 778 509 841 privati
517 779 582 840 juris
592 779 650 839 erit,
661 779 684 828 si

182 870 233 917 Nec
240 867 305 917 circs
315 867 387 917 vilem
398 869 557 931 patriumque
567 867 702 918 moraberis
713 870 813 918 orbem:

184 959 235 1006 Nec
246 959 345 1006 verbum
356 959 430 1006 verbo
441 958 537 1006 curabis
548 959 651 1008 reddere
660 959 724 1008 fides

181 1050 318 1110 iuterpree:
336 1061 380 1094 nec
392 1046 489 1096 desilies
500 1047 610 1096 imitator
621 1049 647 1096 in
660 1056 765 1109 motum,

183 1135 255 1186 Unde
265 1135 350 1199 pedem
363 1136 473 1198 prolerre
484 1136 563 1197 pudor
574 1145 648 1197 vetes,
660 1145 703 1186 aut
712 1137 794 1198 operis
804 1138 855 1185 lex.

182 1227 234 1274 Nec
245 1224 280 1274 sic
291 1223 401 1286 incipies,
412 1231 441 1272 ut
452 1225 556 1286 scriptor
568 1225 679 1287 cyclicus
689 1225 767 1286 oiim3

181 1315 200 1340 “
210 1314 344 1362 Fortunam
357 1311 447 1362 Priumi
457 1315 561 1362 cantabo
571 1321 596 1361 et
608 1313 691 1362 nobile
701 1314 821 1362 bellum.’'

182 1402 247 1458 Quid
258 1402 359 1464 dignum
369 1410 438 1452 tunto
450 1403 511 1452 leret
523 1402 563 1451 hic
573 1402 708 1464 promissor
718 1402 804 1451 hiatu?

182 1489 324 1539 Parturiunt
335 1498 441 1550 montes,
455 1498 567 1539 nascetur
578 1490 695 1539 ridiculae
706 1505 771 1539 mus.

182 1581 279 1633 Quanto
291 1577 380 1626 rectius
392 1577 442 1638 hic,
453 1578 496 1640 qui
505 1579 540 1626 nil
553 1578 654 1627 molitur
665 1578 760 1641 inepte:

182 1667 201 1692 ‘⁸
209 1665 253 1714 Dic
265 1665 337 1726 mibi,
348 1667 431 1727 Musa,
442 1666 533 1726 virum,
544 1674 620 1728 captu
631 1674 687 1729 post
697 1675 807 1729 tempora
816 1668 911 1727 lrojoe,

181 1754 257 1809 “Qui
270 1768 351 1802 mores
363 1752 491 1802 hominum
504 1755 639 1803 multorum
651 1754 712 1804 vidit
723 1762 749 1804 ct
759 1756 858 1803 urbes.’'

182 1843 238 1890 Non
250 1842 346 1890 fumum
358 1857 389 1890 ex
399 1829 504 1903 frrlgore,
515 1843 559 1892 scd
569 1857 600 1892 ex
609 1845 677 1892 fumo
688 1844 747 1891 darc
758 1844 838 1892 lucem

182 1930 287 1990 Cogitat,
298 1938 326 1978 ut
337 1930 444 1992 speciose
454 1931 541 1980 debinc
553 1930 671 1982 muscula
681 1939 788 1994 promat,

181 2018 338 2081 Antiphaten,
351 2021 513 2082 Scyllamque,
526 2029 617 2070 etcum
630 2023 735 2084 Cyclope
746 2020 904 2083 Charybdim

181 2109 232 2155 Nec
241 2103 346 2155 reditum
357 2108 482 2158 Diomedis
494 2110 524 2157 nb
536 2109 637 2158 interitu
648 2110 777 2172 Meleagri,

181 2198 231 2246 Nec
242 2198 339 2260 gemino
350 2199 442 2246 beilum
452 2199 588 2258 Troianum
600 2197 695 2248 ordiner
707 2199 738 2246 sb
748 2212 804 2248 ovo.

180 2287 279 2350 Semper
290 2288 321 2336 ud
332 2295 445 2336 eventum
456 2287 567 2346 festinet,
579 2295 604 2335 et
614 2287 641 2334 in
652 2287 743 2336 medius
755 2301 805 2346 res,

181 2375 236 2422 Non
249 2388 317 2424 secus
328 2388 356 2424 ac
366 2381 448 2434 notus,
460 2373 597 2422 auditorem
609 2374 684 2436 repit,
696 2382 722 2424 et
732 2389 787 2436 que

177 2463 296 2526 Despernt
306 2471 408 2512 tractata
418 2462 536 2512 nitescere
546 2477 628 2536 posse,
640 2462 773 2525 relinquit3

177 2555 255 2614 Atque
267 2552 301 2601 its
312 2550 439 2611 mentitur,
451 2551 485 2600 sic
497 2551 561 2598 veris
573 2552 635 2600 luiso
646 2551 768 2610 remiseet,

138 2641 141 2648 ⁴
176 2641 259 2689 Primo
271 2656 302 2690 ne
313 2639 431 2698 medium,
442 2637 523 2687 medio
535 2653 567 2686 ne
577 2637 698 2701 discrepet
708 2639 796 2688 imum.

175 2731 224 2788 Tu,
236 2728 295 2791 quid
306 2743 361 2789 ego,
372 2736 396 2776 et
406 2728 511 2790 populus
523 2741 618 2776 mecum
629 2726 759 2787 desideret,
771 2726 842 2776 audi:

175 2818 201 2866 Si
214 2817 333 2878 plausoris
345 2829 399 2877 eges
411 2817 489 2865 uulaeu
500 2815 632 2874 manentis,
643 2823 669 2864 et
679 2830 756 2877 usque

174 2903 270 2954 sessuri
281 2903 358 2952 donoc
369 2911 464 2962 centor,
476 2904 525 2952 Vos
537 2903 656 2965 plaudite,
669 2903 744 2964 dioet,

174 2993 262 3042 AEtatis
274 2994 389 3052 adusque
400 2990 500 3039 notandi
513 2999 573 3040 sunt
583 2991 628 3041 tibi
639 3005 731 3050 mores,

177 3077 358 3140 Mobilibnsque
369 3077 441 3130 decor
452 3079 546 3128 naturis
557 3080 651 3131 dendus
661 3088 686 3129 et
697 3078 780 3133 annis,
