2192 3742
359 452 553 501 SERMONUM
571 452 633 501 ΗΒ.
651 453 670 501 1.
687 452 703 500 i.
884 454 928 503 187

131 577 271 629 Ummidius
282 576 380 640 quidam
395 578 456 641 (nou
467 580 541 640 longa
551 586 588 628 est
599 577 689 641 fabula)
704 580 770 629 dives

131 669 168 717 Ut
178 666 304 721 metiretur
313 648 427 715 nummos
438 688 446 729 ;
463 667 499 715 ita
509 667 632 728 sordidus,
642 676 670 716 ut
680 682 706 716 se

131 756 188 803 Non
199 768 307 815 unquam
318 768 387 802 servo
398 754 485 803 melius
496 756 595 803 vestiret
604 775 613 817 ς
630 756 661 803 ad
671 770 746 817 usque

130 843 278 905 Supremam
288 849 395 904 tempus,
406 856 437 890 ue
448 856 474 890 se
485 843 586 913 peumg'qa
596 844 692 909 iiim-⁸*
764 838 791 905 SR

130 930 297 993 opprimeret,
307 930 436 978 menrebat.
468 931 502 978 At
511 930 577 978 hunc
588 930 675 979 liberta
685 930 764 980 securi

130 1018 218 1067 Divisit
228 1019 346 1078 medium,
358 1017 492 1067 fortissima
500 1018 703 1081 Tyndaridamm.

130 1107 217 1168 wind
226 1108 261 1155 mi
271 1088 345 1169 igitur
355 1108 458 1157 suades?
476 1116 504 1156 ut
516 1108 595 1156 vivam
608 1108 725 1157 Naevius?
745 1116 787 1157 aut
798 1108 832 1157 sic

130 1198 167 1247 Ut
177 1198 363 1245 Nomentanus?
393 1199 412 1256 11
420 1196 502 1257 Pergis
512 1196 644 1257 pugnantia
654 1210 735 1245 secum
755 1229 758 1237 ·

128 1286 376 1353 Frqptilruswadgejsis
386 1288 550 1347 componere?
570 1301 621 1335 non
631 1300 686 1346 ego,
701 1300 799 1333 avarum

129 1378 192 1425 Cum
203 1384 257 1424 veto
269 1384 293 1424 te
303 1376 367 1434 lieri,
377 1390 478 1438 vappam
486 1378 561 1435 jubeo
571 1390 599 1423 ao
611 1377 765 1425 nebulonem.

128 1466 172 1514 Est
183 1466 248 1513 inter
258 1466 361 1513 lunatim
369 1465 482 1526 quiddam
494 1479 651 1525 sooerumque
661 1465 755 1513 Viselli.

127 1555 173 1602 Est
183 1552 271 1601 modus
281 1553 307 1601 in
319 1554 391 1601 rebus
401 1573 410 1614 ;
427 1560 485 1602 sunt
493 1553 554 1601 oerti
565 1552 667 1613 denique
677 1553 749 1611 lines,

125 1644 197 1695 Quos
207 1642 273 1689 ultra
283 1642 392 1704 citraque
401 1643 485 1705 nequit
493 1642 627 1690 consistere
638 1650 738 1691 rectum.

126 1731 199 1790 illuc,
210 1730 275 1778 unde
285 1731 344 1790 abii,
356 1731 445 1793 redeo;
462 1731 562 1799 “Qts'
574 1737 603 1777 ut
613 1743 699 1777 avarus
717 1712 744 1769 Ji

102 1824 107 1831 '
125 1818 158 1867 Se
169 1820 274 1881 probet?
292 1825 318 1865 at
327 1818 408 1881 potius
418 1818 501 1867 laudet
511 1818 606 1867 diversa
617 1824 742 1887 sequentes
753 1819 763 1864 i

125 1905 247 1967 Quodque
256 1906 336 1955 aliena'
345 1905 437 1969 capella
446 1913 514 1967 gerat
524 1905 652 1954 distentius
663 1906 733 1964 uber,

123 1994 261 2041 Tabeseat?
280 2008 358 2055 neque
369 2008 395 2042 se
406 1993 493 2053 majori
504 1993 675 2055 pauperiorum

122 2064 215 2128 'luibae
225 2083 366 2143 comparet?
385 2081 450 2128 hunc
460 2088 532 2141 atque
542 2080 608 2129 huno
618 2092 731 2143 superare
742 2079 854 2128 laboret?

123 2168 165 2217 sic
176 2167 302 2217 festinanti
313 2183 408 2231 semper
418 2167 563 2230 locupletior
574 2168 668 2224 obstat:

123 2258 160 2307 Ut
169 2270 228 2306 mm
238 2256 373 2304 carceribus
384 2256 473 2305 missos
483 2256 546 2318 rapit
556 2256 648 2315 ungula
657 2268 753 2313 currus,

122 2346 204 2393 instat
213 2344 281 2406 equis
291 2343 375 2404 auriga
383 2357 442 2392 suos
451 2343 613 2402 rinoentlbus,
625 2342 696 2390 illum

124 2431 281 2480 Praeteritum
290 2438 402 2479 temnens
408 2439 534 2479 extremos
545 2432 609 2479 inter
621 2438 727 2480 euntem.

123 2520 185 2568 lude
196 2520 235 2579 fit,
245 2527 273 2567 ut
284 2534 350 2579 raro,
362 2519 405 2581 qui
415 2534 442 2569 se
452 2520 542 2569 vixisse
555 2522 652 2568 beatum¹

123 2608 205 2668 Dicat,
216 2615 242 2656 et
251 2617 336 2656 exacto
346 2615 475 2656 contentus
486 2616 596 2670 tempore
606 2608 661 2657 vltae

124 2694 212 2753 Cedat,
223 2694 260 2743 uti
270 2694 370 2742 conviva
382 2702 459 2754 satm,
470 2694 576 2757 reperire
586 2708 709 2755 queamus.

123 2784 183 2832 lam
194 2782 253 2831 satis
264 2792 319 2844 est3
336 2796 418 2831 neme
429 2783 536 2845 Crispini
546 2782 635 2831 scrinia
645 2783 705 2845 lippi

125 2872 278 2933 Compilasse
287 2852 367 2934 putes,
378 2873 479 2920 verbum
488 2885 538 2919 non
551 2856 654 2934 amplius
664 2872 758 2921 addam.
