2192 3742
319 404 504 454 CARMINUM
522 407 585 456 ΜΒ.
603 408 622 454 l.
639 407 723 456 xxviii.
887 414 919 463 33

423 633 490 682 Onu
507 634 623 682 XXVIII.

185 803 224 850 Te
235 801 310 850 meris
319 810 344 851 et
353 810 425 852 tenue
437 818 588 866 numeroque
598 805 702 854 mentis
712 820 792 855 urente

216 893 358 941 Mensorum
369 891 492 953 cohibent,
504 893 620 956 Archytn,

185 981 294 1028 Pulveris
306 981 385 1042 exigui
396 995 472 1044 prope
483 981 553 1030 littus
564 995 638 1044 parva
649 982 770 1031 Matinum

217 1070 335 1117 Munera:
353 1083 398 1119 nec
409 1070 540 1131 quidquam
551 1069 597 1118 tibi
607 1069 706 1132 prodest

182 1153 270 1204 Aerias
281 1163 386 1206 tentasse
397 1158 494 1218 domos,
506 1157 636 1220 animoque
648 1158 780 1206 rotundum

218 1244 369 1294 percurrisse
382 1247 477 1308 polum,
485 1247 627 1314 [moriturot

186 1332 282 1381 Occidit
292 1342 317 1382 et
328 1334 425 1397 Pelopis
436 1335 540 1396 genitor,
553 1335 654 1384 convita
664 1335 782 1396 deorum3

215 1422 385 1485 'Iitbonusque
396 1432 504 1472 remotus
515 1425 542 1472 in
554 1439 637 1484 eurus,

183 1509 215 1556 Et
226 1511 241 1558 J
244 1510 295 1558 ovis
306 1510 400 1559 ucenis
412 1511 499 1572 Minos¹
507 1511 640 1560 admissu:
658 1513 795 1572 habentque

214 1598 317 1649 Tartara
330 1597 491 1659 Panthoiden,
503 1599 593 1647 iterum
605 1599 671 1648 Orco

183 1684 338 1746 Demissum;
356 1686 464 1747 quamvis
476 1688 560 1750 clypeo
573 1689 680 1747 'l'rojuna
692 1687 769 1734 refixo

214 1774 337 1835 Tempora
346 1781 458 1834 testatus,
470 1774 532 1823 nihil
543 1775 609 1822 ultre

183 1862 277 1908 Nervos
289 1869 361 1922 atque
372 1870 452 1912 cutem
463 1861 538 1910 morti
549 1869 701 1910 coemerat
712 1870 787 1921 θεας

213 1948 301 1998 Iudice
310 1957 345 2009 te,
357 1964 407 1999 non
420 1950 531 1999 sordidus
542 1956 627 1998 auctor

183 2038 282 2086 Nature
293 2037 398 2100 verique.
432 2039 485 2086 Suo
496 2051 582 2086 omncs
594 2051 643 2086 una
654 2045 735 2086 menet
746 2050 808 2094 nox,

213 2125 246 2172 Et
257 2126 372 2174 calcanda
382 2128 457 2176 semel
467 2127 506 2176 vie
517 2127 569 2176 leti.

182 2215 248 2261 Dent
259 2213 320 2262 alios
332 2215 411 2263 Furios
422 2223 491 2264 torvo
503 2216 639 2277 spectaculo
650 2214 738 2262 Marti:

214 2301 297 2350 Exitio
308 2287 346 2351 e'st
356 2303 453 2352 nvldum
465 2318 532 2352 more
543 2302 632 2351 nentis.

110 2449 115 2456 ,
181 2390 257 2439 Missa
268 2406 353 2441 senum
365 2407 393 2442 uc
401 2396 518 2454 juvenum
529 2394 662 2442 densentur
672 2394 772 2442 funem:
789 2394 883 2440 nullum

214 2480 283 2528 Saeva
293 2489 365 2544 caput
377 2482 523 2545 Proserpina
534 2481 603 2544 frigit.

180 2568 223 2615 Me
234 2582 329 2630 quoque
341 2570 425 2620 devexi
437 2571 534 2634 rupidus
546 2584 627 2620 comes
640 2570 740 2619 Orionis

213 2657 315 2718 Illyricis
328 2661 408 2708 Notus
420 2660 502 2708 obruit
512 2659 594 2708 undis.

179 2745 214 2791 At
224 2752 262 2806 tu,
275 2755 359 2806 naute,
371 2761 435 2810 vngae
448 2764 479 2797 ne
489 2764 562 2812 perce
575 2748 695 2810 malignus
707 2762 786 2797 neuae

212 2833 315 2884 Ossibus
327 2845 353 2885 et
363 2838 437 2901 capiti
447 2838 575 2888 inhumato

182 2923 329 2974 Passienum
340 2927 411 2976 dere:
429 2927 474 2989 sic,
487 2928 647 2990 quodcunque
658 2927 789 2977 minabitur
800 2928 880 2974 Eunu

211 3011 335 3063 Fluctibus
350 3015 485 3079 Hesperiis,
497 3017 628 3066 Venusinae

510 3119 527 3152 o
