2192 3742
303 452 543 508 EPISTOLARUM
561 455 624 504 ΜΒ,
641 455 662 503 1.
678 455 728 504 viii.
867 458 914 508 279

111 583 146 629 Et
157 580 205 629 sibi
215 580 274 629 dum
285 581 403 644 requiem,
415 582 473 631 dum
484 582 548 632 risus
554 569 666 645 'undique
676 585 774 647 quaerit,

111 671 181 718 Dum
192 678 284 732 septem
294 671 369 720 donat
380 672 500 733 sestertia,
511 680 596 722 mutua
606 682 699 736 septem

111 759 250 821 Promittit‚
260 763 389 823 persuadet
398 763 434 810 uti
445 771 566 813 mercetur
576 765 690 824 agellum.

113 849 247 896 Mereatur.
281 851 320 898 Ne
331 857 355 898 te
367 850 446 912 longis
458 852 598 913 ambagibus
609 853 675 901 ultra

113 938 196 990 Quam
207 936 264 985 satis
275 945 313 986 est
323 953 405 987 morer
414 959 422 1000 ς
439 953 470 988 ex
480 939 559 990 nitido
570 941 599 989 tit
608 939 723 1001 rusticus,
735 948 807 1002 atque

114 1025 202 1074 Suleos
213 1034 238 1074 et
247 1026 329 1076 vineta
338 1035 420 1090 crepat
431 1043 508 1090 mera,
519 1015 639 1092 praeparat
649 1031 741 1090 ulmos,

114 1115 260 1165 immoritur
270 1117 367 1179 studiis,
378 1125 402 1166 et
413 1133 495 1168 amore
506 1119 610 1167 senescit
619 1119 733 1167 habendi.

115 1203 209 1251 Verum
218 1204 261 1254 ubi
271 1219 328 1254 oves
339 1207 415 1267 furto,
427 1209 513 1255 morbo
524 1196 618 1269 periere
628 1209 738 1268 capella,

117 1297 192 1358 spem
204 1294 306 1344 mentita
315 1309 393 1356 seges,
404 1296 448 1344 bos
459 1303 497 1344 est
506 1303 604 1344 enectus
616 1296 724 1357 arand03

116 1385 234 1434 Offensus
245 1384 350 1445 damnis,
362 1383 442 1434 media
452 1384 482 1434 de
493 1391 565 1434 noete
574 1386 695 1434 caballum

116 1473 222 1535 Arripit,
233 1473 357 1535 iratusque
369 1473 474 1538 Philippl
484 1473 564 1523 tendit
574 1473 605 1522 ad
615 1474 687 1523 ades.

117 1565 198 1616 Quem
209 1563 283 1612 simul
294 1563 388 1626 aspexit
399 1563 510 1612 scabmm
520 1563 694 1625 intonsumque
706 1562 841 1626 Phssippas,
930 1560 932 1567 '

118 1653 212 1711 Durus,
223 1651 371 1716 aiqvutei,
383 1651 456 1700 nimis
466 1643 621 1713 attentusque
633 1650 720 1701 videris

118 1742 179 1789 Esse
190 1739 259 1788 mihi.
293 1737 376 1800 iiPob
388 1755 427 1789 me
438 1741 567 1800 miserum,
577 1747 690 1802 patrone,
700 1753 808 1800 vocares,

118 1829 146 1877 Si
157 1829 243 1888 velles,
254 1828 344 1890 iuquit,
356 1842 440 1878 verum
452 1828 513 1877 mihi
523 1843 614 1891 ponere
625 1840 725 1876 nomen.

120 1917 193 1971 Quod
202 1925 226 1965 te
237 1930 281 1980 per
292 1916 398 1964 Genium
408 1916 566 1980 dextramque
577 1916 682 1984 deasque
693 1917 795 1964 Penates

113 2005 229 2061 ¹Obsecro
241 2012 266 2054 et
275 2005 394 2065 obtestor,
405 2005 460 2054 vitae
470 2020 510 2054 me
521 2005 595 2054 redde
605 2004 690 2068 priori.

97 2109 105 2125 ‘
120 2097 139 2151 ΊῙ
148 2095 196 2149 Qui
207 2095 283 2144 semel
294 2093 389 2157 aspexit
399 2101 516 2156 quantum
527 2093 627 2143 dimissa
636 2092 719 2156 petitis
800 2119 803 2126 ·

122 2185 252 2244 Praestent,
263 2190 358 2232 mature
367 2183 459 2244 redeat,
471 2190 609 2246 repetatque
619 2183 712 2231 relicta

101 2276 111 2345 ᾗ
123 2272 206 2321 Metiri
219 2287 245 2321 se
255 2286 374 2338 quemque
385 2286 429 2321 suo
441 2271 540 2323 modulo
552 2285 580 2323 ac
588 2270 664 2333 pede,
672 2278 813 2340 rerum-est,

386 2559 562 2640 'EPISTOLA
583 2559 650 2608 Vlll.

341 2737 376 2771 Ab
392 2736 495 2773 CELSUM
512 2733 710 2771 ALBINOVANUM.

125 2888 210 2937 Cuneo
221 2885 325 2948 gaudere
335 2893 360 2934 et
369 2887 432 2935 bene
441 2900 494 2934 rem
506 2897 590 2946 gerere
599 2882 764 2944 Albinovano,

124 2977 199 3024 Musa
208 2982 292 3038 rogata
302 2973 376 3034 refer,
387 2973 471 3023 comiti
482 2973 615 3034 seribaeque
627 2971 743 3020 Neronis.

108 3065 153 3129 {Si
164 3072 256 3127 queret
265 3064 323 3126 quid
334 3077 419 3126 agam3
436 3063 485 3123 dic,
497 3064 576 3110 multa
585 3069 611 3111 et
621 3063 722 3125 pulchra
732 3060 877 3117 minantem,
