2192 3742
362 468 502 519 seonon
518 470 626 540 nmen.
854 474 899 523 17³

153 598 283 646 Germinat
293 604 318 645 ct
329 611 454 659 nunquam
465 598 574 646 fallentis
588 605 677 646 termes
689 598 770 659 olivas,

222 686 344 748 Sunmque
354 687 422 748 pulla
432 686 492 735 ficus
503 693 576 734 ornat
587 687 699 735 arborem
710 707 718 748 3

152 776 231 822 Mella
240 788 299 823 esra
309 782 410 823 manarit
420 790 451 823 ex
463 776 518 824 ilice
529 796 537 837 ;
555 777 680 825 montibus
698 776 757 825 altis

222 864 292 913 Levis
304 871 418 927 crepante
427 865 526 928 lympha
536 864 619 915 desilit
629 864 697 928 pede.

157 952 213 999 lllic
226 951 325 1012 injussae
337 952 437 1000 veniunt
447 951 479 999 ad
490 953 596 1000 mulctra
606 954 714 1015 capelle,

222 1041 352 1102 Rciertque
363 1047 432 1089 tenta
442 1054 501 1101 grex
511 1041 604 1089 amicus
616 1043 691 1090 ubera
701 1062 709 1103 3

160 1131 211 1179 Nec
222 1130 372 1193 vespertinus
382 1129 551 1190 circumgemit
562 1144 633 1179 ursus
644 1130 713 1191 ovili,

226 1223 278 1269 Nec
289 1219 429 1269 intumescit
439 1220 490 1267 alta
499 1218 588 1281 viperis
599 1220 688 1269 humus
698 1239 704 1267 ι

162 1311 285 1371 Pluraque
296 1308 377 1357 felices
389 1308 551 1371 mirabimur3
568 1316 596 1357 ut
608 1323 686 1370 neque
696 1309 769 1371 largis

226 1400 340 1461 Aquosus
350 1399 431 1446 Eurus
445 1411 503 1447 arva
512 1398 583 1446 radat
593 1398 722 1459 imbribus,

163 1486 266 1547 Pinguia
276 1500 321 1534 nec
332 1486 402 1534 siccis
412 1494 517 1535 urantur
528 1485 623 1535 semina
633 1486 720 1549 glebis,

229 1576 367 1636 Utrumque
378 1588 434 1635 rege
444 1582 595 1636 temperante
606 1574 724 1623 coelitum.

169 1664 227 1729 Non
237 1662 286 1711 huc
295 1663 378 1722 Argoo
388 1662 515 1711 contendit
525 1662 616 1723 remige
626 1662 708 1725 pinus,

229 1752 314 1812 Neque
325 1749 447 1811 impudica
458 1750 556 1799 Colchis
568 1750 651 1799 intulit
661 1750 756 1814 pedem,

165 1841 223 1888 Non
234 1840 282 1887 huc
293 1839 388 1888 Sidonii
399 1846 524 1888 torsenmt
535 1853 628 1889 cornua
639 1848 730 1900 nanim,

229 1929 362 1977 laboriosa
372 1944 417 1977 nec
428 1930 517 1978 cohors
529 1930 642 1993 Ulysse'r':

168 2018 256 2079 [Nulla
266 2025 356 2066 nocent
366 2017 448 2079 pecori
459 2017 581 2079 contagia,
593 2016 686 2066 nullius
697 2017 758 2066 astri

230 2106 334 2167 Gregenr
344 2112 450 2155 nstuosa
459 2114 537 2155 torret
547 2106 710 2169 impotentia]

164 2194 277 2258 luppiter
288 2194 333 2243 illa
346 2194 392 2257 piae
403 2193 504 2243 secrevit
515 2194 600 2243 littora
610 2194 686 2256 genti,

229 2285 265 2333 Ut
276 2283 413 2345 inquinavit
424 2297 472 2332 aare
482 2291 578 2346 tempus
590 2296 705 2331 aureum:

164 2373 234 2431 AEre‚
246 2372 334 2421 dehinc
344 2374 410 2421 ferro
420 2372 517 2421 duravit
527 2372 616 2421 saecula
626 2390 634 2433 ;
652 2385 756 2433 quorum

232 2460 282 2508 Piis
294 2460 409 2522 secundm
421 2468 474 2510 vate
484 2476 534 2521 me,
546 2462 617 2510 datur
629 2460 693 2522 iuga
