2192 3742
165 507 214 554 31⁰
405 503 436 556 Q·
455 501 596 550 HORATII
613 501 731 550 mccl

168 632 194 682 Si
205 629 325 680 discordet
336 644 420 692 eques,
432 628 512 678 media
522 627 588 676 inter
597 627 706 677 carmina
715 635 819 690 poscunt

168 723 219 769 Aut
228 733 314 768 ursum
325 728 367 768 aut
378 719 470 782 pugiles
479 737 485 766 ι
503 717 542 766 his
552 731 610 765 nam
621 718 747 780 plebecula
755 717 852 778 gaudet.

169 811 260 858 Verum
270 807 345 870 equiti
357 822 453 870 quoque
462 809 513 868 jem
523 805 637 868 migravit
647 806 678 854 ab
688 819 747 854 aruc
757 807 872 868 volupms

170 899 258 948 Omnis
268 897 299 948 ad
310 899 414 948 incertos
426 898 510 946 oculos
521 903 545 944 et
556 894 644 956 gaudia
653 909 722 944 vana

171 989 292 1041 Quattuor
304 995 346 1035 sut
355 988 438 1050 plures
449 987 526 1034 aulea
536 993 681 1047 premuntur
693 985 719 1032 in
730 985 815 1045 horas,

171 1080 236 1127 Dum
247 1078 344 1139 fugium
354 1077 463 1138 equitum
475 1085 562 1125 turmae
573 1077 730 1139 peditumque
739 1084 861 1138 catervte3

171 1169 232 1216 Mox
243 1167 347 1217 trahitur
359 1167 471 1216 manibus
482 1181 567 1228 regum
578 1168 678 1215 fortuna
688 1167 787 1215 retortis
796 1187 804 1228 ς

171 1257 263 1306 Emeda
273 1256 398 1316 festinant,
412 1257 513 1318 pilenta,
525 1256 653 1318 petorrita,
664 1270 754 1317 naves3

171 1345 298 1408 Cantium
311 1353 421 1408 portatur
432 1347 502 1406 ebur,
514 1345 608 1408 captiva
620 1345 761 1394 Corinthus.

172 1432 199 1481 Si
210 1433 273 1481 soret
284 1433 309 1481 in
321 1433 403 1492 terris,
416 1433 505 1482 rideret
517 1433 686 1495 Democritum
704 1447 748 1482 seu

171 1520 300 1570 Diversum
312 1523 414 1570 confuse
424 1537 499 1583 genua
510 1523 629 1585 panthera
637 1521 742 1581 camelo,

172 1608 227 1658 Sive
237 1609 335 1670 elephas
347 1610 416 1658 albus
428 1610 495 1671 vulgi
505 1618 657 1659 converteret
668 1623 725 1659 ora:

171 1699 295 1762 Spectaret
305 1699 423 1761 populum
434 1699 498 1750 ludis
510 1701 626 1750 attentius
637 1700 707 1764 ipsis,

173 1789 208 1837 Ut
219 1780 265 1836 sibi
276 1789 424 1850 praebentem
436 1789 512 1837 mimo
523 1790 660 1852 spectacula
670 1790 755 1852 plura:

172 1875 307 1938 Scriptores
318 1884 399 1926 autem
411 1891 510 1926 narrare
522 1886 619 1940 putaret
628 1879 705 1927 asello

173 1966 298 2014 Fabellam
310 1967 393 2015 surdo.
427 1969 491 2014 Nam
502 1981 556 2028 quae
567 1967 706 2028 pervincere
717 1979 787 2015 voces

173 2053 291 2102 Evaiuere
303 2067 401 2113 sonum,
413 2054 522 2102 referunt
532 2069 605 2115 quern
616 2063 700 2103 nostra
710 2055 824 2103 theam?

107 2130 111 2138 ’
174 2141 313 2201 Garganum
327 2140 420 2202 mugire
434 2149 504 2202 putes
516 2156 613 2201 nemus,
624 2151 667 2190 aut
678 2157 744 2191 mare
754 2144 878 2192 'lirscumz

173 2231 254 2278 Tanto
266 2243 322 2278 cum
334 2229 435 2292 strepitu
447 2230 499 2278 ludi
510 2239 659 2292 spectantur,
670 2239 696 2280 et
706 2239 780 2291 artes,

174 2317 317 2380 Divitiaeque
327 2318 476 2380 peregriuae3
495 2319 583 2380 quibus
594 2321 685 2369 oblitus
696 2329 763 2369 actor

175 2408 237 2456 Cum
249 2409 316 2456 stetit
328 2407 353 2456 in
366 2423 447 2468 scena,
459 2410 585 2458 concurrit
594 2410 695 2458 dextera
707 2412 782 2458 laevae.
874 2422 876 2426 ·

174 2495 332 2546 nuitanhue
345 2493 453 2559 aliquid?
483 2498 629 2554 nuum.
657 2483 929 2562 semanimem?

174 2589 193 2644 ti
200 2588 268 2635 Lana
278 2587 412 2635 Tarentino
425 2587 500 2636 violas
513 2588 607 2636 imitata
617 2603 719 2637 veneno.

175 2679 211 2726 Ac
222 2691 253 2725 ne
264 2679 327 2726 sorte
338 2685 408 2740 putes
419 2693 469 2738 me,
482 2693 535 2740 quae
546 2679 626 2726 facere
637 2661 689 2740 ipse
701 2692 819 2737 recusem,
895 2738 897 2742 v

177 2767 239 2816 Cum
252 2773 316 2814 recte
328 2773 431 2814 tractent
443 2765 495 2826 alii,
507 2764 607 2815 laudare
618 2767 739 2828 maligne3

175 2856 220 2904 ille
232 2868 274 2916 per
286 2862 412 2903 extentum
424 2856 507 2904 limem
520 2855 581 2904 mihi
592 2870 663 2918 posse
673 2857 768 2904 videtur

176 2947 216 2993 ire
227 2947 308 3006 potita,
322 2957 404 2991 meum
415 2943 457 3006 qui
467 2953 551 3007 pectus
562 2945 667 2993 inaniter
676 2944 752 3006 angit,

175 3031 267 3096 irritat,
280 3031 380 3090 mulcet,
388 3031 456 3080 'salsis
468 3034 603 3082 terroribus
614 3019 700 3096 implet

127 3171 130 3176 ,
176 3123 212 3174 Ut
224 3135 324 3180 magus3
342 3127 366 3168 et
376 3120 450 3169 modo
462 3136 501 3170 me
510 3122 612 3183 Thebis,
624 3123 698 3170 modo
709 3121 779 3184 ponit
790 3121 904 3171 Athenis.
