2192 3742
296 572 536 624 EPISTOLARUM
555 574 617 622 mu.
634 558 654 621 1‘.
671 573 703 621 vi.
857 570 904 617 275

94 697 129 744 Et
138 710 226 758 genus,
236 705 261 746 et
271 699 377 748 formam
388 686 471 763 regine
482 701 583 765 pecunia
592 701 680 751 donat:
722 677 726 682 ‚

93 787 131 834 Ac
141 787 204 835 bene
216 795 369 836 nummatum
380 789 479 839 decorat
489 791 594 839 Suadela
604 793 741 852 Venusque.

94 873 227 937 Mancipiis
237 875 346 946 locuples
356 885 410 938 eget
420 877 475 926 aeris
488 879 658 940 Cappadocum
670 892 728 926 rex:

95 963 134 1010 Ne
145 962 221 1012 fueris
229 963 269 1012 hie
279 972 315 1013 tu.
349 965 495 1029 Chlemydes
507 967 638 1026 Lucullus,
649 973 676 1015 ut
687 966 766 1026 aiunt,

95 1050 123 1098 Si
134 1059 217 1112 posset
226 1059 324 1100 eentum
335 1068 413 1102 sceuae
423 1056 531 1116 praebere
542 1064 650 1116 rogatus,

96 1137 147 1194 Qui
156 1154 258 1202 possum
268 1144 323 1190 tot?
343 1142 389 1191 uit:
407 1151 489 1192 tamen
500 1153 525 1192 et
535 1159 653 1206 quierem,
669 1152 694 1193 et
703 1151 764 1206 quot
773 1143 867 1192 habebo

96 1230 196 1280 Mittam
206 1250 211 1279 ι
229 1239 285 1294 peet
294 1235 367 1294 paulo
379 1234 473 1294 scribit,
485 1234 531 1282 sibi
542 1234 622 1282 millia
632 1235 740 1296 quinque

95 1319 156 1368 Esse
168 1318 237 1390 dumi
247 1321 419 1384 chlamydum3
436 1329 541 1383 partem,
553 1322 592 1370 vel
604 1322 703 1372 tolleret
713 1335 807 1371 omues.

70 1389 73 1396 ’
96 1409 177 1457 Exilis
188 1407 275 1458 domus
286 1417 333 1470 eet,
345 1411 387 1458 ubi
399 1425 450 1458 nun
462 1415 487 1459 et
497 1411 575 1460 multu
586 1419 727 1474 supersunt,

96 1498 130 1545 st
141 1482 269 1546 donnum
281 1499 380 1559 furunt,
392 1507 417 1548 et
426 1506 531 1561 prosunt
542 1499 644 1548 tntum.
677 1500 743 1560 Ergo
765 1493 768 1496 ’

97 1585 125 1634 Si
137 1599 176 1634 ree
188 1587 241 1634 sole
251 1594 332 1650 petest
342 1588 420 1635 fucere
431 1595 456 1636 et
466 1601 562 1636 servare
572 1589 680 1647 beatum,

98 1676 153 1723 Hoc
164 1674 258 1737 primus
270 1683 364 1738 repetes
374 1690 447 1737 opus,
458 1676 505 1724 hoe
516 1684 653 1738 postremus
664 1675 770 1724 omittas.

98 1762 126 1813 Si
138 1763 290 1813 fortunatum
301 1763 393 1826 speeies
402 1772 428 1814 et
437 1765 514 1828 gretia
524 1773 633 1827 praestat,

98 1853 239 1901 Mereemur
250 1867 357 1913 servum,
369 1853 411 1916 qui
422 1853 497 1902 dictet
506 1854 617 1915 nemina,
629 1854 718 1902 laerum

99 1941 150 1996 Qui
161 1941 251 1990 iodieet
261 1943 336 2002 letus,
347 1950 372 1991 et
383 1949 453 2003 cogat
463 1949 529 1991 trans
540 1942 650 2004 pondere
662 1942 773 1990 dextram

99 2029 241 2092 Porrigere:
260 2030 307 2078 Hic
319 2031 424 2078 multum
435 2030 461 2078 in
475 2029 550 2079 Fabia
559 2030 633 2089 valet,
644 2029 687 2078 ille
697 2029 799 2089 Velina3

51 2120 55 2124 '
100 2119 149 2170 Cui
159 2119 221 2168 libet
231 2119 252 2167 is
263 2119 339 2168 fasces
350 2118 427 2179 dabit,
440 2118 574 2180 eripietque
585 2119 671 2167 curule

102 2208 150 2258 Cui
160 2208 227 2256 volet
237 2207 390 2271 importunus
401 2209 476 2257 ebur:
495 2209 590 2268 Frater,
601 2210 684 2267 Peter,
696 2207 773 2269 adde3

102 2298 139 2347 Ut
149 2296 237 2359 cuique
248 2304 285 2344 est
296 2304 364 2356 tetes,
377 2296 412 2344 ite
422 2311 542 2359 quemque
553 2296 643 2345 iaeetus
654 2297 749 2358 adoptet

95 2385 141 2446 ei,
152 2387 215 2434 bene
224 2385 266 2448 qui
280 2393 370 2445 coenat,
382 2385 444 2434 bene
453 2385 530 2446 virit3
547 2385 623 2444 lueet,
632 2398 716 2432 eamus

103 2477 160 2531 Quo
171 2474 238 2523 ducit
247 2475 317 2536 gula:
334 2474 467 2536 piscemur,
478 2487 595 2522 venemur
608 2492 617 2534 3
634 2480 663 2522 ut
672 2472 733 2521 elim

102 2563 238 2624 Gargilius,
250 2563 292 2625 qui
303 2577 374 2612 mene
385 2565 477 2624 plagas,
488 2561 618 2622 venabula,
629 2575 712 2610 servos
740 2569 743 2573 ’

103 2652 236 2702 Differtum
247 2652 351 2700 transire
362 2653 444 2700 ferum
454 2652 620 2714 populumque
628 2649 739 2709 iubebat,

105 2743 179 2792 Unus
191 2749 218 2790 ut
229 2755 243 2788 e
254 2740 339 2789 multis
349 2741 438 2803 populo
450 2746 573 2802 spectante
583 2739 686 2786 referret

104 2831 207 2878 Emtum
219 2831 300 2878 mulus
312 2843 406 2892 aprum.
441 2827 516 2877 Crudi
527 2825 662 2887 tumidique
672 2824 791 2880 lavemur,

106 2917 174 2973 Quid
184 2917 277 2978 deceat,
288 2916 347 2980 quid
357 2932 417 2979 uun,
429 2916 509 2976 obliti,
523 2913 611 2964 Caerite
620 2926 677 2961 cere

104 3005 191 3069 Digni,
203 3006 331 3068 remigium
341 3005 455 3056 vitiosum
466 3002 599 3054 Ithaeemis
611 2999 720 3064 Ulyssei,

106 3097 154 3146 cui
166 3095 247 3158 potior
257 3095 336 3158 patrie
345 3093 393 3143 fuit
403 3091 531 3142 interdicte
539 3092 659 3154 voluptas.

39 3169 43 3176 ⁴
106 3184 145 3242 Si,
158 3183 323 3234 Mimnermus
334 3182 370 3232 uti
380 3189 472 3242 censet,
484 3179 627 3244 qineemure
634 3177 744 3241 iocisque
