<?xml version="1.0" encoding="UTF-8"?>
<!DOCTYPE html PUBLIC "-//W3C//DTD XHTML 1.0 Transitional//EN"
    "http://www.w3.org/TR/xhtml1/DTD/xhtml1-transitional.dtd">
<html xmlns="http://www.w3.org/1999/xhtml" xml:lang="en" lang="en">
 <head>
  <title>
</title>
<meta http-equiv="Content-Type" content="text/html;charset=utf-8" />
  <meta name='ocr-system' content='tesseract 3.04.00' />
  <meta name='ocr-capabilities' content='ocr_page ocr_carea ocr_par ocr_line ocrx_word'/>
</head>
<body>
  <div class='ocr_page' id='page_1' title='image "./opera01gesngoog_0336.png"; bbox 0 0 2192 3742; ppageno 0'>
   <div class='ocr_carea' id='block_1_1' title="bbox 171 511 731 572">
    <p class='ocr_par' dir='ltr' id='par_1_1' title="bbox 171 511 731 572">
     <span class='ocr_line' id='line_1_1' title="bbox 171 511 731 572; baseline -0.005 -6"><span class='ocrx_word' id='word_1_1' title='bbox 171 521 218 567; x_wconf 73' lang='lat'>32⁴</span> <span class='ocrx_word' id='word_1_2' title='bbox 404 519 435 572; x_wconf 71' lang='lat' dir='ltr'>Q</span> <span class='ocrx_word' id='word_1_3' title='bbox 454 517 596 566; x_wconf 80' lang='lat' dir='ltr'>HORATH</span> <span class='ocrx_word' id='word_1_4' title='bbox 612 511 731 566; x_wconf 67' lang='lat' dir='ltr'>MCC!</span> 
     </span>
    </p>
   </div>
   <div class='ocr_carea' id='block_1_2' title="bbox 171 643 881 1508">
    <p class='ocr_par' dir='ltr' id='par_1_2' title="bbox 171 643 881 1150">
     <span class='ocr_line' id='line_1_2' title="bbox 171 643 847 704; baseline -0.004 -10"><span class='ocrx_word' id='word_1_5' title='bbox 171 648 232 700; x_wconf 77' lang='lat' dir='ltr'>Qnae</span> <span class='ocrx_word' id='word_1_6' title='bbox 244 659 308 694; x_wconf 87' lang='lat' dir='ltr'>nune</span> <span class='ocrx_word' id='word_1_7' title='bbox 319 644 414 694; x_wconf 88' lang='lat' dir='ltr'>suntin</span> <span class='ocrx_word' id='word_1_8' title='bbox 426 645 521 694; x_wconf 81' lang='lat' dir='ltr'>honore</span> <span class='ocrx_word' id='word_1_9' title='bbox 530 645 657 704; x_wconf 70' lang='lat' dir='ltr'>wanuh,</span> <span class='ocrx_word' id='word_1_10' title='bbox 667 643 690 691; x_wconf 87' lang='lat' dir='ltr'>si</span> <span class='ocrx_word' id='word_1_11' title='bbox 699 645 767 691; x_wconf 83' lang='lat' dir='ltr'>volet</span> <span class='ocrx_word' id='word_1_12' title='bbox 776 659 847 704; x_wconf 73' lang='lat' dir='ltr'>mus,</span> 
     </span>
     <span class='ocr_line' id='line_1_3' title="bbox 174 731 881 796; baseline -0.003 -13"><span class='ocrx_word' id='word_1_13' title='bbox 174 736 253 788; x_wconf 82' lang='lat' dir='ltr'>Quem</span> <span class='ocrx_word' id='word_1_14' title='bbox 263 747 337 796; x_wconf 87' lang='lat' dir='ltr'>penes</span> <span class='ocrx_word' id='word_1_15' title='bbox 346 731 476 782; x_wconf 77' lang='lat' dir='ltr'>arbitrium</span> <span class='ocrx_word' id='word_1_16' title='bbox 486 740 524 782; x_wconf 90' lang='lat' dir='ltr'>est</span> <span class='ocrx_word' id='word_1_17' title='bbox 533 741 560 780; x_wconf 86' lang='lat' dir='ltr'>et</span> <span class='ocrx_word' id='word_1_18' title='bbox 565 735 607 792; x_wconf 77' lang='lat' dir='ltr'>ins</span> <span class='ocrx_word' id='word_1_19' title='bbox 617 739 643 780; x_wconf 86' lang='lat' dir='ltr'>et</span> <span class='ocrx_word' id='word_1_20' title='bbox 654 745 743 780; x_wconf 82' lang='lat' dir='ltr'>norme</span> <span class='ocrx_word' id='word_1_21' title='bbox 752 733 881 793; x_wconf 87' lang='lat' dir='ltr'>loquendi.</span> 
     </span>
     <span class='ocr_line' id='line_1_4' title="bbox 172 819 814 884; baseline -0.011 -10"><span class='ocrx_word' id='word_1_22' title='bbox 172 819 814 884; x_wconf 69' lang='lat' dir='ltr'>Resgesteregnmqnedummqne,ettristinbella‚</span> 
     </span>
     <span class='ocr_line' id='line_1_5' title="bbox 171 907 850 974; baseline -0.004 -14"><span class='ocrx_word' id='word_1_23' title='bbox 171 913 228 966; x_wconf 83' lang='lat' dir='ltr'>Quo</span> <span class='ocrx_word' id='word_1_24' title='bbox 239 910 311 960; x_wconf 73' lang='lat' dir='ltr'>soeibi</span> <span class='ocrx_word' id='word_1_25' title='bbox 322 918 422 974; x_wconf 75' lang='lat' dir='ltr'>possent</span> <span class='ocrx_word' id='word_1_26' title='bbox 433 924 546 968; x_wconf 86' lang='lat' dir='ltr'>numero,</span> <span class='ocrx_word' id='word_1_27' title='bbox 559 907 705 956; x_wconf 63' lang='lat' dir='ltr'>messuerit</span> <span class='ocrx_word' id='word_1_28' title='bbox 716 909 850 971; x_wconf 83' lang='lat' dir='ltr'>llomerus.</span> 
     </span>
     <span class='ocr_line' id='line_1_6' title="bbox 171 997 816 1063; baseline -0.006 -15"><span class='ocrx_word' id='word_1_29' title='bbox 171 1000 287 1050; x_wconf 79' lang='lat' dir='ltr'>Versibus</span> <span class='ocrx_word' id='word_1_30' title='bbox 299 999 424 1063; x_wconf 72' lang='lat' dir='ltr'><strong>impariter</strong></span> <span class='ocrx_word' id='word_1_31' title='bbox 431 999 522 1060; x_wconf 84' lang='lat' dir='ltr'>junctis</span> <span class='ocrx_word' id='word_1_32' title='bbox 529 997 682 1060; x_wconf 76' lang='lat' dir='ltr'>querimonis</span> <span class='ocrx_word' id='word_1_33' title='bbox 691 997 816 1061; x_wconf 86' lang='lat' dir='ltr'>primnm;</span> 
     </span>
     <span class='ocr_line' id='line_1_7' title="bbox 174 1087 786 1150; baseline -0.007 -12"><span class='ocrx_word' id='word_1_34' title='bbox 174 1091 235 1138; x_wconf 86' lang='lat' dir='ltr'>Post</span> <span class='ocrx_word' id='word_1_35' title='bbox 243 1089 317 1138; x_wconf 79' lang='lat' dir='ltr'>etiem</span> <span class='ocrx_word' id='word_1_36' title='bbox 327 1089 421 1137; x_wconf 80' lang='lat' dir='ltr'>incluse</span> <span class='ocrx_word' id='word_1_37' title='bbox 430 1096 469 1136; x_wconf 86' lang='lat' dir='ltr'>est</span> <span class='ocrx_word' id='word_1_38' title='bbox 479 1089 530 1136; x_wconf 84' lang='lat' dir='ltr'>voti</span> <span class='ocrx_word' id='word_1_39' title='bbox 540 1087 661 1136; x_wconf 67' lang='lat' dir='ltr'>senoentia</span> <span class='ocrx_word' id='word_1_40' title='bbox 669 1101 769 1150; x_wconf 88' lang='lat' dir='ltr'>oompos</span> <span class='ocrx_word' id='word_1_41' title='bbox 779 1108 786 1134; x_wconf 78' lang='lat' dir='ltr'><strong><em>z</em></strong></span> 
     </span>
    </p>

    <p class='ocr_par' dir='ltr' id='par_1_3' title="bbox 172 1176 814 1419">
     <span class='ocr_line' id='line_1_8' title="bbox 173 1176 754 1239; baseline -0.012 -7"><span class='ocrx_word' id='word_1_42' title='bbox 173 1179 235 1232; x_wconf 78' lang='lat' dir='ltr'>Quis</span> <span class='ocrx_word' id='word_1_43' title='bbox 246 1187 328 1227; x_wconf 85' lang='lat' dir='ltr'>temen</span> <span class='ocrx_word' id='word_1_44' title='bbox 339 1178 439 1239; x_wconf 80' lang='lat' dir='ltr'>exiguos</span> <span class='ocrx_word' id='word_1_45' title='bbox 449 1179 530 1239; x_wconf 78' lang='lat' dir='ltr'><strong>elegos</strong></span> <span class='ocrx_word' id='word_1_46' title='bbox 541 1176 650 1225; x_wconf 76' lang='lat' dir='ltr'>emiserit</span> <span class='ocrx_word' id='word_1_47' title='bbox 658 1185 754 1238; x_wconf 79' lang='lat' dir='ltr'>unctor,</span> 
     </span>
     <span class='ocr_line' id='line_1_9' title="bbox 173 1264 814 1328; baseline 0 -14"><span class='ocrx_word' id='word_1_48' title='bbox 173 1267 332 1316; x_wconf 77' lang='lat' dir='ltr'>Grammatici</span> <span class='ocrx_word' id='word_1_49' title='bbox 342 1275 446 1328; x_wconf 76' lang='lat' dir='ltr'>uertant,</span> <span class='ocrx_word' id='word_1_50' title='bbox 456 1274 482 1315; x_wconf 86' lang='lat' dir='ltr'>et</span> <span class='ocrx_word' id='word_1_51' title='bbox 492 1265 571 1314; x_wconf 81' lang='lat' dir='ltr'>edhne</span> <span class='ocrx_word' id='word_1_52' title='bbox 581 1268 627 1315; x_wconf 88' lang='lat' dir='ltr'>sub</span> <span class='ocrx_word' id='word_1_53' title='bbox 635 1265 717 1326; x_wconf 84' lang='lat' dir='ltr'>iudiee</span> <span class='ocrx_word' id='word_1_54' title='bbox 726 1264 757 1314; x_wconf 87' lang='lat' dir='ltr'>lis</span> <span class='ocrx_word' id='word_1_55' title='bbox 767 1273 814 1314; x_wconf 78' lang='lat' dir='ltr'>est</span> 
     </span>
     <span class='ocr_line' id='line_1_10' title="bbox 172 1353 763 1419; baseline -0.005 -15"><span class='ocrx_word' id='word_1_56' title='bbox 172 1355 347 1404; x_wconf 71' lang='lat' dir='ltr'><strong>Archilochum</strong></span> <span class='ocrx_word' id='word_1_57' title='bbox 358 1356 457 1419; x_wconf 90' lang='lat' dir='ltr'>proprio</span> <span class='ocrx_word' id='word_1_58' title='bbox 467 1355 546 1403; x_wconf 83' lang='lat' dir='ltr'>rabies</span> <span class='ocrx_word' id='word_1_59' title='bbox 556 1354 660 1402; x_wconf 73' lang='lat' dir='ltr'>mmsvit</span> <span class='ocrx_word' id='word_1_60' title='bbox 668 1353 763 1403; x_wconf 81' lang='lat' dir='ltr'>iambo:</span> 
     </span>
    </p>

    <p class='ocr_par' dir='ltr' id='par_1_4' title="bbox 174 1440 818 1508">
     <span class='ocr_line' id='line_1_11' title="bbox 174 1440 818 1508; baseline 0 -16"><span class='ocrx_word' id='word_1_61' title='bbox 174 1443 247 1492; x_wconf 86' lang='lat' dir='ltr'>Hunc</span> <span class='ocrx_word' id='word_1_62' title='bbox 257 1445 322 1493; x_wconf 89' lang='lat' dir='ltr'>sooci</span> <span class='ocrx_word' id='word_1_63' title='bbox 332 1459 416 1507; x_wconf 84' lang='lat' dir='ltr'>cepere</span> <span class='ocrx_word' id='word_1_64' title='bbox 426 1445 521 1508; x_wconf 88' lang='lat' dir='ltr'>pedem,</span> <span class='ocrx_word' id='word_1_65' title='bbox 532 1444 683 1505; x_wconf 71' lang='lat' dir='ltr'>grandesque</span> <span class='ocrx_word' id='word_1_66' title='bbox 693 1440 818 1503; x_wconf 76' lang='lat' dir='ltr'>oothurni,</span> 
     </span>
    </p>
   </div>
   <div class='ocr_carea' id='block_1_3' title="bbox 174 1531 780 1683">
    <p class='ocr_par' dir='ltr' id='par_1_5' title="bbox 174 1531 780 1683">
     <span class='ocr_line' id='line_1_12' title="bbox 174 1531 727 1596; baseline 0.002 -17"><span class='ocrx_word' id='word_1_67' title='bbox 174 1531 284 1580; x_wconf 83' lang='lat' dir='ltr'>Alternis</span> <span class='ocrx_word' id='word_1_68' title='bbox 295 1540 378 1596; x_wconf 80' lang='lat' dir='ltr'>aptum</span> <span class='ocrx_word' id='word_1_69' title='bbox 389 1533 553 1592; x_wconf 86' lang='lat' dir='ltr'>sermonibus,</span> <span class='ocrx_word' id='word_1_70' title='bbox 563 1540 589 1580; x_wconf 88' lang='lat' dir='ltr'>et</span> <span class='ocrx_word' id='word_1_71' title='bbox 597 1533 727 1594; x_wconf 76' lang='lat' dir='ltr'>populures</span> 
     </span>
     <span class='ocr_line' id='line_1_13' title="bbox 175 1616 780 1683; baseline 0 -15"><span class='ocrx_word' id='word_1_72' title='bbox 175 1616 318 1668; x_wconf 74' lang='lat' dir='ltr'>Vincentem</span> <span class='ocrx_word' id='word_1_73' title='bbox 329 1621 453 1683; x_wconf 88' lang='lat' dir='ltr'>strepitus,</span> <span class='ocrx_word' id='word_1_74' title='bbox 464 1629 489 1669; x_wconf 89' lang='lat' dir='ltr'>et</span> <span class='ocrx_word' id='word_1_75' title='bbox 500 1628 586 1669; x_wconf 78' lang='lat' dir='ltr'>numm</span> <span class='ocrx_word' id='word_1_76' title='bbox 594 1621 666 1668; x_wconf 91' lang='lat' dir='ltr'>rebus</span> <span class='ocrx_word' id='word_1_77' title='bbox 673 1620 780 1681; x_wconf 64' lang='lat' dir='ltr'>mdis.</span> 
     </span>
    </p>
   </div>
   <div class='ocr_carea' id='block_1_4' title="bbox 125 1708 867 3191">
    <p class='ocr_par' dir='ltr' id='par_1_6' title="bbox 176 1708 775 1772">
     <span class='ocr_line' id='line_1_14' title="bbox 176 1708 775 1772; baseline -0.003 -14"><span class='ocrx_word' id='word_1_78' title='bbox 176 1709 250 1758; x_wconf 80' lang='lat' dir='ltr'>Musa</span> <span class='ocrx_word' id='word_1_79' title='bbox 256 1708 322 1758; x_wconf 84' lang='lat' dir='ltr'>dedit</span> <span class='ocrx_word' id='word_1_80' title='bbox 333 1709 420 1757; x_wconf 82' lang='lat' dir='ltr'>fidibus</span> <span class='ocrx_word' id='word_1_81' title='bbox 431 1710 509 1770; x_wconf 88' lang='lat' dir='ltr'>divos,</span> <span class='ocrx_word' id='word_1_82' title='bbox 520 1723 656 1772; x_wconf 85' lang='lat' dir='ltr'>puerosque</span> <span class='ocrx_word' id='word_1_83' title='bbox 662 1708 775 1769; x_wconf 87' lang='lat' dir='ltr'>deorum,</span> 
     </span>
    </p>

    <p class='ocr_par' dir='ltr' id='par_1_7' title="bbox 175 1796 867 2036">
     <span class='ocr_line' id='line_1_15' title="bbox 176 1796 867 1859; baseline 0.004 -15"><span class='ocrx_word' id='word_1_84' title='bbox 176 1797 209 1844; x_wconf 86' lang='lat' dir='ltr'>Et</span> <span class='ocrx_word' id='word_1_85' title='bbox 218 1797 324 1859; x_wconf 79' lang='lat' dir='ltr'>pugilem</span> <span class='ocrx_word' id='word_1_86' title='bbox 336 1797 462 1857; x_wconf 80' lang='lat' dir='ltr'>victorem,</span> <span class='ocrx_word' id='word_1_87' title='bbox 470 1805 495 1845; x_wconf 87' lang='lat' dir='ltr'>et</span> <span class='ocrx_word' id='word_1_88' title='bbox 506 1807 596 1858; x_wconf 85' lang='lat' dir='ltr'>equum</span> <span class='ocrx_word' id='word_1_89' title='bbox 607 1796 740 1845; x_wconf 82' lang='lat' dir='ltr'>eertumine</span> <span class='ocrx_word' id='word_1_90' title='bbox 749 1797 867 1859; x_wconf 89' lang='lat' dir='ltr'>primum,</span> 
     </span>
     <span class='ocr_line' id='line_1_16' title="bbox 175 1884 719 1945; baseline 0 -13"><span class='ocrx_word' id='word_1_91' title='bbox 175 1884 332 1945; x_wconf 71' lang='lat' dir='ltr'>Etiamnum</span> <span class='ocrx_word' id='word_1_92' title='bbox 342 1899 423 1945; x_wconf 81' lang='lat' dir='ltr'>cures,</span> <span class='ocrx_word' id='word_1_93' title='bbox 430 1893 455 1933; x_wconf 85' lang='lat' dir='ltr'>et</span> <span class='ocrx_word' id='word_1_94' title='bbox 465 1885 541 1933; x_wconf 83' lang='lat' dir='ltr'>libers</span> <span class='ocrx_word' id='word_1_95' title='bbox 550 1885 609 1932; x_wconf 80' lang='lat' dir='ltr'>vina</span> <span class='ocrx_word' id='word_1_96' title='bbox 619 1886 719 1933; x_wconf 80' lang='lat' dir='ltr'>referre.</span> 
     </span>
     <span class='ocr_line' id='line_1_17' title="bbox 176 1971 769 2036; baseline 0.002 -15"><span class='ocrx_word' id='word_1_97' title='bbox 176 1972 313 2035; x_wconf 73' lang='lat' dir='ltr'>Descriptus</span> <span class='ocrx_word' id='word_1_98' title='bbox 325 1987 420 2021; x_wconf 78' lang='lat' dir='ltr'>servare</span> <span class='ocrx_word' id='word_1_99' title='bbox 431 1971 494 2021; x_wconf 76' lang='lat' dir='ltr'>vices</span> <span class='ocrx_word' id='word_1_100' title='bbox 505 1987 654 2036; x_wconf 85' lang='lat' dir='ltr'>operumque</span> <span class='ocrx_word' id='word_1_101' title='bbox 662 1974 769 2034; x_wconf 86' lang='lat' dir='ltr'>colores,</span> 
     </span>
    </p>

    <p class='ocr_par' dir='ltr' id='par_1_8' title="bbox 174 2059 817 2388">
     <span class='ocr_line' id='line_1_18' title="bbox 177 2059 802 2123; baseline 0.003 -15"><span class='ocrx_word' id='word_1_102' title='bbox 177 2061 227 2108; x_wconf 87' lang='lat' dir='ltr'>Cur</span> <span class='ocrx_word' id='word_1_103' title='bbox 239 2075 294 2122; x_wconf 79' lang='lat' dir='ltr'>ego,</span> <span class='ocrx_word' id='word_1_104' title='bbox 307 2061 328 2109; x_wconf 89' lang='lat' dir='ltr'>si</span> <span class='ocrx_word' id='word_1_105' title='bbox 340 2075 433 2123; x_wconf 89' lang='lat' dir='ltr'>nequeo</span> <span class='ocrx_word' id='word_1_106' title='bbox 444 2059 588 2122; x_wconf 78' lang='lat' dir='ltr'>ignoroque,</span> <span class='ocrx_word' id='word_1_107' title='bbox 601 2060 679 2110; x_wconf 63' lang='lat' dir='ltr'>Potin</span> <span class='ocrx_word' id='word_1_108' title='bbox 689 2063 802 2110; x_wconf 73' lang='lat' dir='ltr'>salutm?</span> 
     </span>
     <span class='ocr_line' id='line_1_19' title="bbox 178 2147 817 2211; baseline 0.002 -14"><span class='ocrx_word' id='word_1_109' title='bbox 178 2148 228 2197; x_wconf 85' lang='lat' dir='ltr'>Cur</span> <span class='ocrx_word' id='word_1_110' title='bbox 239 2148 343 2210; x_wconf 87' lang='lat' dir='ltr'>nescire,</span> <span class='ocrx_word' id='word_1_111' title='bbox 353 2149 446 2211; x_wconf 87' lang='lat' dir='ltr'>pudens</span> <span class='ocrx_word' id='word_1_112' title='bbox 457 2163 538 2210; x_wconf 84' lang='lat' dir='ltr'>prave,</span> <span class='ocrx_word' id='word_1_113' title='bbox 550 2163 623 2210; x_wconf 80' lang='lat' dir='ltr'>quem</span> <span class='ocrx_word' id='word_1_114' title='bbox 631 2147 817 2198; x_wconf 79' lang='lat' dir='ltr'>disseremelo?</span> 
     </span>
     <span class='ocr_line' id='line_1_20' title="bbox 174 2237 787 2299; baseline -0.002 -13"><span class='ocrx_word' id='word_1_115' title='bbox 174 2237 291 2286; x_wconf 82' lang='lat' dir='ltr'>Versibus</span> <span class='ocrx_word' id='word_1_116' title='bbox 302 2237 391 2299; x_wconf 83' lang='lat' dir='ltr'>exponi</span> <span class='ocrx_word' id='word_1_117' title='bbox 401 2237 496 2298; x_wconf 76' lang='lat' dir='ltr'>tragicis</span> <span class='ocrx_word' id='word_1_118' title='bbox 507 2251 546 2285; x_wconf 89' lang='lat' dir='ltr'>res</span> <span class='ocrx_word' id='word_1_119' title='bbox 556 2237 649 2286; x_wconf 80' lang='lat' dir='ltr'>comice</span> <span class='ocrx_word' id='word_1_120' title='bbox 659 2253 711 2287; x_wconf 88' lang='lat' dir='ltr'>non</span> <span class='ocrx_word' id='word_1_121' title='bbox 721 2238 787 2286; x_wconf 83' lang='lat' dir='ltr'>vult:</span> 
     </span>
     <span class='ocr_line' id='line_1_21' title="bbox 177 2325 711 2388; baseline 0.004 -15"><span class='ocrx_word' id='word_1_122' title='bbox 177 2325 318 2388; x_wconf 77' lang='lat' dir='ltr'>Indignatur</span> <span class='ocrx_word' id='word_1_123' title='bbox 325 2326 386 2374; x_wconf 83' lang='lat' dir='ltr'>item</span> <span class='ocrx_word' id='word_1_124' title='bbox 397 2325 506 2388; x_wconf 81' lang='lat' dir='ltr'>privetis,</span> <span class='ocrx_word' id='word_1_125' title='bbox 514 2340 545 2374; x_wconf 81' lang='lat' dir='ltr'>uc</span> <span class='ocrx_word' id='word_1_126' title='bbox 556 2340 630 2388; x_wconf 89' lang='lat' dir='ltr'>prope</span> <span class='ocrx_word' id='word_1_127' title='bbox 640 2340 711 2375; x_wconf 89' lang='lat' dir='ltr'>soooo</span> 
     </span>
    </p>

    <p class='ocr_par' dir='ltr' id='par_1_9' title="bbox 178 2415 735 2479">
     <span class='ocr_line' id='line_1_22' title="bbox 178 2415 735 2479; baseline -0.002 -13"><span class='ocrx_word' id='word_1_128' title='bbox 178 2415 263 2477; x_wconf 73' lang='lat' dir='ltr'>Dignis</span> <span class='ocrx_word' id='word_1_129' title='bbox 274 2415 421 2464; x_wconf 75' lang='lat' dir='ltr'>oermiuibus</span> <span class='ocrx_word' id='word_1_130' title='bbox 432 2416 526 2464; x_wconf 81' lang='lat' dir='ltr'>narrari</span> <span class='ocrx_word' id='word_1_131' title='bbox 537 2429 607 2463; x_wconf 82' lang='lat' dir='ltr'>ooena</span> <span class='ocrx_word' id='word_1_132' title='bbox 614 2417 735 2479; x_wconf 71' lang='lat' dir='ltr'>Thyeste.</span> 
     </span>
    </p>

    <p class='ocr_par' dir='ltr' id='par_1_10' title="bbox 125 2504 818 2745">
     <span class='ocr_line' id='line_1_23' title="bbox 125 2504 818 2566; baseline 0.003 -14"><span class='ocrx_word' id='word_1_133' title='bbox 125 2523 127 2528; x_wconf 95' lang='lat'>·</span> <span class='ocrx_word' id='word_1_134' title='bbox 178 2504 280 2565; x_wconf 75' lang='lat' dir='ltr'>Singula</span> <span class='ocrx_word' id='word_1_135' title='bbox 290 2517 390 2566; x_wconf 82' lang='lat' dir='ltr'>quaeque</span> <span class='ocrx_word' id='word_1_136' title='bbox 400 2506 481 2552; x_wconf 86' lang='lat' dir='ltr'>locum</span> <span class='ocrx_word' id='word_1_137' title='bbox 493 2511 592 2552; x_wconf 78' lang='lat' dir='ltr'>teneant</span> <span class='ocrx_word' id='word_1_138' title='bbox 602 2504 689 2553; x_wconf 82' lang='lat' dir='ltr'>sortite</span> <span class='ocrx_word' id='word_1_139' title='bbox 698 2504 818 2554; x_wconf 86' lang='lat' dir='ltr'>decenter.</span> 
     </span>
     <span class='ocr_line' id='line_1_24' title="bbox 180 2592 743 2654; baseline 0.004 -14"><span class='ocrx_word' id='word_1_140' title='bbox 180 2593 305 2642; x_wconf 84' lang='lat' dir='ltr'>Interdum</span> <span class='ocrx_word' id='word_1_141' title='bbox 315 2601 396 2641; x_wconf 81' lang='lat' dir='ltr'>tamen</span> <span class='ocrx_word' id='word_1_142' title='bbox 409 2600 434 2640; x_wconf 88' lang='lat' dir='ltr'>et</span> <span class='ocrx_word' id='word_1_143' title='bbox 444 2607 528 2641; x_wconf 87' lang='lat' dir='ltr'>vocem</span> <span class='ocrx_word' id='word_1_144' title='bbox 538 2592 658 2641; x_wconf 80' lang='lat' dir='ltr'>comoedia</span> <span class='ocrx_word' id='word_1_145' title='bbox 667 2593 743 2654; x_wconf 89' lang='lat' dir='ltr'>tollit,</span> 
     </span>
     <span class='ocr_line' id='line_1_25' title="bbox 178 2680 724 2745; baseline 0 -15"><span class='ocrx_word' id='word_1_146' title='bbox 178 2683 305 2745; x_wconf 76' lang='lat' dir='ltr'>lrsmsque</span> <span class='ocrx_word' id='word_1_147' title='bbox 316 2681 432 2730; x_wconf 73' lang='lat' dir='ltr'>Chremes</span> <span class='ocrx_word' id='word_1_148' title='bbox 443 2682 537 2730; x_wconf 90' lang='lat' dir='ltr'>tumido</span> <span class='ocrx_word' id='word_1_149' title='bbox 548 2680 657 2742; x_wconf 78' lang='lat' dir='ltr'>delitigat</span> <span class='ocrx_word' id='word_1_150' title='bbox 666 2695 724 2730; x_wconf 84' lang='lat' dir='ltr'>ore:</span> 
     </span>
    </p>

    <p class='ocr_par' dir='ltr' id='par_1_11' title="bbox 176 2769 849 3010">
     <span class='ocr_line' id='line_1_26' title="bbox 177 2769 799 2832; baseline -0.002 -13"><span class='ocrx_word' id='word_1_151' title='bbox 177 2771 211 2819; x_wconf 88' lang='lat' dir='ltr'>Et</span> <span class='ocrx_word' id='word_1_152' title='bbox 217 2770 320 2830; x_wconf 64' lang='lat' dir='ltr'>trugim</span> <span class='ocrx_word' id='word_1_153' title='bbox 332 2772 475 2832; x_wconf 86' lang='lat' dir='ltr'>plerumque</span> <span class='ocrx_word' id='word_1_154' title='bbox 485 2770 553 2818; x_wconf 91' lang='lat' dir='ltr'>dolet</span> <span class='ocrx_word' id='word_1_155' title='bbox 563 2783 677 2819; x_wconf 85' lang='lat' dir='ltr'>sermone</span> <span class='ocrx_word' id='word_1_156' title='bbox 686 2769 799 2832; x_wconf 85' lang='lat' dir='ltr'>pedestri.</span> 
     </span>
     <span class='ocr_line' id='line_1_27' title="bbox 176 2859 849 2921; baseline 0 -13"><span class='ocrx_word' id='word_1_157' title='bbox 176 2859 298 2920; x_wconf 85' lang='lat' dir='ltr'>Telephus</span> <span class='ocrx_word' id='word_1_158' title='bbox 310 2866 334 2908; x_wconf 90' lang='lat' dir='ltr'>et</span> <span class='ocrx_word' id='word_1_159' title='bbox 345 2861 440 2920; x_wconf 84' lang='lat' dir='ltr'>Peleus,</span> <span class='ocrx_word' id='word_1_160' title='bbox 453 2873 509 2907; x_wconf 85' lang='lat' dir='ltr'>cum</span> <span class='ocrx_word' id='word_1_161' title='bbox 519 2872 610 2921; x_wconf 80' lang='lat' dir='ltr'>pauper</span> <span class='ocrx_word' id='word_1_162' title='bbox 620 2866 645 2907; x_wconf 90' lang='lat' dir='ltr'>et</span> <span class='ocrx_word' id='word_1_163' title='bbox 655 2860 736 2918; x_wconf 84' lang='lat' dir='ltr'>exsul,</span> <span class='ocrx_word' id='word_1_164' title='bbox 746 2866 849 2921; x_wconf 85' lang='lat' dir='ltr'>uterque</span> 
     </span>
     <span class='ocr_line' id='line_1_28' title="bbox 177 2947 729 3010; baseline -0.002 -14"><span class='ocrx_word' id='word_1_165' title='bbox 177 2947 278 3008; x_wconf 79' lang='lat' dir='ltr'>Projicit</span> <span class='ocrx_word' id='word_1_166' title='bbox 288 2949 417 3010; x_wconf 84' lang='lat' dir='ltr'>ampullas,</span> <span class='ocrx_word' id='word_1_167' title='bbox 427 2956 452 2997; x_wconf 87' lang='lat' dir='ltr'>et</span> <span class='ocrx_word' id='word_1_168' title='bbox 462 2948 637 3010; x_wconf 74' lang='lat' dir='ltr'>sesquipedalia</span> <span class='ocrx_word' id='word_1_169' title='bbox 646 2949 729 3008; x_wconf 83' lang='lat' dir='ltr'>verbe,</span> 
     </span>
    </p>

    <p class='ocr_par' dir='ltr' id='par_1_12' title="bbox 178 3035 707 3098">
     <span class='ocr_line' id='line_1_29' title="bbox 178 3035 707 3098; baseline -0.002 -13"><span class='ocrx_word' id='word_1_170' title='bbox 178 3035 205 3085; x_wconf 90' lang='lat' dir='ltr'>Si</span> <span class='ocrx_word' id='word_1_171' title='bbox 214 3042 283 3084; x_wconf 84' lang='lat' dir='ltr'>curet</span> <span class='ocrx_word' id='word_1_172' title='bbox 292 3050 335 3084; x_wconf 87' lang='lat' dir='ltr'>cor</span> <span class='ocrx_word' id='word_1_173' title='bbox 346 3037 473 3098; x_wconf 81' lang='lat' dir='ltr'>spectantis</span> <span class='ocrx_word' id='word_1_174' title='bbox 485 3037 591 3097; x_wconf 82' lang='lat' dir='ltr'>tetigisse</span> <span class='ocrx_word' id='word_1_175' title='bbox 601 3037 707 3098; x_wconf 61' lang='lat' dir='ltr'>querela„</span> 
     </span>
    </p>

    <p class='ocr_par' dir='ltr' id='par_1_13' title="bbox 177 3126 847 3191">
     <span class='ocr_line' id='line_1_30' title="bbox 177 3126 847 3191; baseline 0.003 -16"><span class='ocrx_word' id='word_1_176' title='bbox 177 3129 232 3176; x_wconf 88' lang='lat' dir='ltr'>Non</span> <span class='ocrx_word' id='word_1_177' title='bbox 243 3127 302 3176; x_wconf 81' lang='lat' dir='ltr'>satis</span> <span class='ocrx_word' id='word_1_178' title='bbox 313 3135 349 3176; x_wconf 88' lang='lat' dir='ltr'>est</span> <span class='ocrx_word' id='word_1_179' title='bbox 359 3128 461 3191; x_wconf 79' lang='lat' dir='ltr'>pulchra</span> <span class='ocrx_word' id='word_1_180' title='bbox 471 3141 523 3177; x_wconf 87' lang='lat' dir='ltr'>esse</span> <span class='ocrx_word' id='word_1_181' title='bbox 534 3133 663 3190; x_wconf 68' lang='lat' dir='ltr'>poemate3</span> <span class='ocrx_word' id='word_1_182' title='bbox 676 3126 756 3175; x_wconf 80' lang='lat' dir='ltr'>dulcis</span> <span class='ocrx_word' id='word_1_183' title='bbox 761 3135 847 3188; x_wconf 85' lang='lat' dir='ltr'>sunto,</span> 
     </span>
    </p>
   </div>
   <div class='ocr_carea' id='block_1_5' title="bbox 0 0 1110 3742">
    <p class='ocr_par' dir='ltr' id='par_1_14' title="bbox 0 0 1110 3742">
     <span class='ocr_line' id='line_1_31' title="bbox 0 0 1110 3742; baseline 0 0"><span class='ocrx_word' id='word_1_184' title='bbox 0 0 1110 3742; x_wconf 95' lang='lat' dir='ltr'> </span> 
     </span>
    </p>
   </div>
  </div>
 </body>
</html>
