2192 3742
290 473 529 560 nrrsronnnnu
547 509 610 559 um.
627 510 648 558 1.
663 507 714 559 xiv.
770 502 775 508 ’
855 511 903 560 est

100 633 131 701 ln
142 636 213 705 culpa
220 644 258 686 est
266 637 426 704 animm-qui
438 653 464 688 se
475 653 525 688 non
536 637 748 707 ᾠδῇ-ΨΜ.

98 725 142 773 Τιι
153 723 310 774 mediastinus
321 726 394 775 tacita
403 732 474 790 prece
484 741 542 776 narra
553 728 661 790 petebas,

101 815 177 862 Nunc
186 815 273 862 urbem
283 820 309 862 et
320 815 390 864 ludos
401 822 426 864 et
436 817 523 865 balnea
533 816 629 864 villicus
640 823 717 880 optas.

102 903 147 950 Me
158 909 268 951 constare
280 903 340 951 milii
351 905 407 965 scis,
418 911 443 953 et
453 904 575 954 discedere
586 905 692 965 tristem,

102 991 302 1055 Quandocunque
312 993 413 1041 trahunt
423 993 500 1042 inrisa
510 993 607 1055 negotia
618 995 730 1042 Romam·

102 1083 162 1129 Non
173 1081 256 1130 eadem
268 1082 402 1144 miramur;
420 1097 449 1131 eo
461 1083 613 1132 disconvenit
622 1083 687 1132 inter

102 1173 193 1234 Meque
204 1179 229 1221 et
239 1180 275 1220 te:
293 1185 361 1233 nam,
374 1187 428 1235 quae
439 1173 534 1221 deserta
544 1181 569 1221 et
580 1158 705 1235 inhospita¹
713 1179 798 1234 tesqua

104 1260 201 1321 Credis,
211 1275 308 1310 amoena
318 1268 388 1310 vocat
399 1276 494 1310 mecum
504 1262 545 1322 qui
557 1262 641 1321 sentit,
656 1270 681 1311 et
691 1262 744 1311 odit
857 1243 860 1247 ⁷

104 1351 166 1404 Quae
176 1358 204 1399 tu
214 1351 316 1412 pulchra
326 1358 405 1412 putas.
439 1349 531 1398 Fornix
543 1350 588 1398 tibi
599 1360 623 1400 et
634 1360 708 1401 uncta
719 1353 809 1416 popina

104 1438 230 1488 incutiunt
239 1439 307 1487 urbis
317 1437 474 1499 desiderium,
486 1439 573 1501 video,
590 1447 615 1488 et
625 1441 690 1502 quod

103 1528 216 1589 Angelus
228 1526 273 1576 iste
284 1527 345 1576 ieret
355 1527 423 1591 piper
434 1535 459 1576 et
470 1535 509 1576 tus
520 1528 588 1577 ocius
601 1543 662 1592 uve3

106 1618 158 1665 Nec
168 1615 246 1664 ticina
257 1617 340 1665 subest
349 1615 433 1664 vinum
444 1615 552 1679 praebere
563 1619 665 1667 taberna

102 1706 167 1759 Quae
177 1705 255 1768 possit
264 1705 321 1755 tibi:
340 1720 384 1755 nec
394 1707 510 1756 meretrix
521 1706 631 1768 tibicina,
643 1709 712 1769 cujus
806 1729 809 1735 ¹

103 1793 145 1843 Ad
157 1795 286 1858 strepitum,
295 1795 368 1845 salias
378 1804 449 1844 terrae
460 1795 553 1857 gravis:
571 1803 596 1844 et
605 1803 685 1844 tamen
697 1810 785 1858 urgues
818 1816 820 1819 ·

103 1883 257 1947 lampridem
268 1899 318 1934 non
329 1892 393 1934 tacta
404 1885 525 1946 ligonibus
536 1899 604 1946 arva,
616 1886 750 1947 bovemque

104 1972 260 2034 Disiunctunr
270 1989 350 2036 curas,
361 1983 386 2024 et
397 1974 486 2031 strictis
498 1973 625 2024 frondibus
636 1975 732 2037 exples:

104 2062 182 2112 Addit
190 2077 251 2126 opus
261 2063 330 2126 pigro
342 2063 418 2124 rivus,
430 2063 451 2112 si
462 2064 551 2113 decidit
559 2064 648 2126 imber,

106 2153 189 2201 Multa
196 2154 260 2203 mole
272 2153 395 2204 docendus
407 2154 488 2217 aprico
499 2168 598 2217 parcere
609 2162 688 2218 prato.

106 2245 189 2304 Nunc,
201 2257 254 2305 age,
266 2243 324 2306 qnid
334 2251 446 2293 nostrum
456 2251 604 2293 concentum.
612 2243 713 2305 dividat,
726 2244 793 2294 audi.

107 2334 188 2386 Quem
199 2339 283 2381 tenues
296 2332 396 2381 decuere
407 2340 469 2393 togae
482 2331 599 2393 nitidique
610 2331 703 2394 capilli,

107 2423 189 2475 Quem
199 2413 245 2470 scis
256 2420 391 2469 immunem
404 2420 499 2470 Cinarae
510 2419 629 2482 placuisse
640 2419 731 2484 rapaci,

108 2514 189 2566 Quem
199 2511 310 2560 bibulum
321 2510 406 2573 liquidi
417 2510 497 2560 media
507 2509 537 2559 de
548 2511 603 2558 luce
613 2510 721 2570 Falerni,

109 2601 187 2652 coena
197 2587 276 2648 brevis
284 2582 399 2660 innatet
408 2598 574 2662 properirum
585 2612 685 2647 somnus
696 2597 721 2647 in
735 2599 810 2648 herba
819 2619 828 2662 ;

108 2692 162 2747 Nee
172 2689 258 2738 lusisse
268 2688 353 2752 pudet,
364 2689 406 2737 sed
417 2703 465 2737 non
478 2688 584 2737 incidere
595 2687 689 2736 ludum.

108 2781 167 2828 Non
178 2777 233 2828 istic
243 2778 342 2840 obliquo
353 2778 425 2827 oculo
437 2792 492 2826 mea
501 2778 631 2827 commoda
640 2777 768 2840 quisquam

107 2866 207 2929 Limat;
224 2881 275 2916 non
287 2867 343 2916 odio
353 2869 456 2916 obscuro
468 2881 599 2929 morsuque
608 2875 725 2917 venenat:

108 2954 199 3005 Rident
209 2955 281 3004 vicini
290 2958 370 3016 glebas
382 2963 407 3004 et
417 2969 476 3005 saxa
486 2964 632 3006 moventem.

109 3046 174 3094 Cum
185 3045 260 3093 servis
272 3046 364 3094 urbana
374 3044 451 3094 diaria
461 3045 548 3110 rodere
559 3043 650 3094 mavis:

109 3134 207 3182 Horum
218 3141 245 3182 tu
255 3133 281 3182 in
293 3148 421 3183 nnmerum
433 3141 489 3184 voto
501 3134 568 3184 ruis:
586 3134 678 3185 invidet
689 3150 761 3205 usum
