2192 3742
214 455 262 506 26⁹
459 453 490 504 Q
508 451 649 538 nomi
665 452 783 502 mccl

216 582 265 638 in
277 579 603 645 sspereectndpomcquae
617 579 802 641 mliacensi

216 670 310 730 Gratia,
322 671 397 730 lama,
404 669 515 717 valetudo
522 669 647 730 contingas
656 668 762 730 abunde,

216 761 249 808 Et
260 757 363 807 mundus
374 757 462 817 victus,
474 770 525 806 non
535 756 662 805 deficiente
672 760 809 806 annuens?

204 830 285 923 llnser
295 861 363 910 spem
370 860 512 908 curamque,
523 845 624 894 timores
634 845 699 894 inber
708 854 734 896 et
743 846 803 907 irus,

268 951 325 986 nem
335 935 405 984 crede
433 936 438 947 ”
489 934 534 982 tibi
563 935 570 946 '
616 934 623 945 ‘
768 947 827 1000 um:

218 1028 294 1075 Greia
304 1024 465 1088 superveniet,
476 1038 529 1086 qnae
537 1037 588 1071 non
600 1023 747 1085 sperabimr,
757 1023 827 1072 born

219 1116 261 1162 Me
271 1113 384 1177 pinguem
394 1119 419 1161 ct
429 1112 533 1160 nitidum
545 1113 608 1160 bene
617 1119 702 1160 curata
710 1118 765 1160 curce
775 1111 850 1172 vises,

221 1203 283 1253 Cum
294 1201 373 1251 ridere
384 1202 460 1262 voles,
471 1201 572 1264 Epicuri
582 1201 613 1250 de
621 1215 692 1263 grege
703 1215 812 1264 porcum.

516 1447 680 1534 nrrsnocs
695 1486 726 1533 ν.

511 1670 547 1705 Al>
564 1669 733 1712 ΊῸΒΩΙΙΔΤῙΙΜ.

222 1818 250 1866 Sr
262 1823 331 1879 potes
341 1817 466 1867 Archiacis
474 1818 576 1868 conviva
586 1820 726 1868 recumbere
737 1818 816 1879 lectis,

222 1907 274 1954 Nec
284 1905 379 1954 modica
388 1920 484 1955 coenare
494 1906 566 1955 times
578 1908 633 1955 olus
643 1921 717 1954 omne
727 1907 831 1969 patells3

222 1995 340 2056 Supremo
352 2002 376 2043 tc
386 1995 438 2043 sole
448 1995 526 2055 domi,
540 1996 674 2058 Torquate,
686 1996 798 2044 manebo.

210 2082 285 2131 ·Vina
293 2082 371 2143 bibes,
378 2082 467 2131 itcmm
477 2083 560 2130 Tauro
571 2082 659 2132 diffusa
669 2085 789 2146 palustres

223 2173 289 2221 inter
301 2173 440 2221 Minturnas
452 2172 676 2236 Sinuessanumque
688 2174 823 2222 Petrinum.

221 2260 364 2318 Sinmelius
376 2260 433 2322 quid
443 2260 528 2321 babes,
540 2274 643 2321 arcesse,
652 2263 691 2309 vel
702 2261 833 2324 imperinm
842 2262 889 2312 fer.

222 2349 238 2397 J
240 2348 371 2396 smdudum
383 2348 492 2410 splendet
503 2349 582 2408 locus,
593 2355 618 2396 et
627 2349 673 2399 tibi
684 2349 776 2399 munda
787 2351 907 2413 supellex.

223 2437 296 2486 Mitte
306 2438 370 2485 leves
380 2429 445 2498 spes,
456 2444 481 2485 et
491 2436 626 2486 certamina
635 2437 785 2500 divitiarum,

224 2529 256 2576 Et
267 2525 364 2575 Moschi
377 2539 489 2575 canuam:
507 2540 561 2574 cros
574 2533 631 2574 nato
643 2526 739 2577 Caesorc
750 2528 825 2576 festus

224 2619 272 2666 Dat
281 2616 377 2665 veniam
389 2629 551 2678 somnumque
564 2615 632 2677 dies3
650 2615 750 2679 impune
760 2615 843 2665 licebit

224 2705 342 2755 AEstivsm
354 2719 467 2754 sermone
476 2704 582 2765 benigno
593 2703 694 2754 tendere
706 2712 812 2754 noctem.

225 2795 280 2848 Quo
291 2791 351 2841 mihi
363 2793 497 2853 fortunam,
509 2792 594 2842 sinon
603 2793 743 2842 conceditur
755 2793 810 2843 nti?

225 2883 314 2931 Parcus
325 2883 357 2930 ob
368 2881 471 2930 baeredis
482 2893 566 2930 curam
576 2880 729 2944 nimiumque
738 2895 836 2932 severus

224 2968 322 3020 Assidel
332 2969 426 3018 insano.
459 2970 548 3018 Potare
559 2977 584 3017 et
594 2983 706 3032 sporgere
715 2968 788 3018 liores

225 3058 352 3121 Incipiam,
363 3056 488 3122 patiorque
498 3061 537 3109 vel
548 3059 701 3111 inconsultos
710 3057 803 3108 haberi.
