2192 3742
312 483 550 550 uris'runnnpns
567 490 630 538 utu.
648 491 668 546 ι,
683 491 742 541 xvu
878 497 925 546 ssa

401 815 564 873 EP'ISTOLA
580 827 658 875 XVII.

367 986 376 994 '
447 999 482 1033 nn
498 1000 616 1037 scuvsu.

122 1149 260 1207 Quemvis,
272 1148 365 1207 Scaeva,
376 1148 434 1197 satis
446 1163 489 1211 per
500 1156 524 1196 te
534 1149 580 1198 tibi
590 1151 709 1211 consulu,
720 1161 746 1201 et
756 1152 803 1202 scis

124 1235 184 1290 Quo
195 1235 294 1284 tandem
305 1244 375 1299 pecto
387 1236 469 1284 deceat
479 1238 611 1297 majoribus
622 1239 658 1286 uti
667 1259 676 1300 3

124 1323 209 1384 Disoe,
219 1324 343 1376 docendus
354 1324 432 1372 adhuc
443 1339 497 1385 quae
508 1331 592 1374 censet
601 1327 736 1388 amiculus3
753 1329 813 1376 ntsi
903 1311 922 1327 '¹

126 1411 213 1460 Caecus
224 1411 270 1462 iter
283 1424 418 1462 monstrare
427 1413 499 1461 velit:
516 1421 599 1462 umen
610 1414 700 1477 aspice,
711 1414 803 1477 siquid

125 1499 160 1547 Et
171 1511 227 1558 nos,
239 1499 304 1561 quod
314 1514 384 1548 cures
394 1501 522 1563 proprium
533 1501 629 1561 fecisse,
641 1503 778 1564 loquamur.

123 1585 153 1633 Si
165 1592 190 1633 te
201 1593 269 1646 grata
280 1587 347 1648 quies
358 1595 383 1635 et
394 1588 498 1649 primam
509 1602 611 1638 somnus
622 1590 649 1637 in
659 1591 746 1640 huram

125 1673 253 1734 Deiectum
270 1674 292 1722 si
303 1682 327 1722 te
339 1676 417 1737 pulvis
428 1676 591 1738 strepitusque
602 1685 721 1738 rutrum,

123 1761 153 1810 Si
164 1761 232 1810 laedit
243 1776 367 1825 caupone;
386 1764 543 1814 Ferentinum
555 1765 696 1825 irejnbebo.

125 1850 192 1896 Nam
203 1862 281 1912 neque
293 1849 406 1898 divitibus
416 1851 562 1911 contingunt
571 1852 658 1913 gaudia
667 1853 726 1903 solis
737 1874 745 1916 ;

124 1937 178 1986 Nec
188 1935 250 1985 vixit
262 1938 335 1998 male,
347 1938 388 2000 qui
400 1947 470 1988 natus
482 1939 637 2002 moriensque
648 1941 743 1992 fefellit.

124 2023 153 2073 Si
163 2024 279 2087 prodesse
287 2024 346 2084 tuis,
357 2027 478 2090 pauloque
487 2028 614 2089 benignius
625 2029 706 2092 ipsum

122 2111 161 2159 Te
171 2119 275 2160 trecente
286 2114 363 2172 voles,
375 2113 471 2162 accedes
482 2114 560 2163 siccus
570 2116 602 2164 ud
612 2125 720 2167 unetnm.
734 2137 739 2142 ·

124 2199 177 2259 iffi
188 2200 318 2262 pranderet
329 2202 383 2250 olus
393 2201 523 2263 patienter,
535 2203 631 2264 regibus
643 2206 679 2254 uti

122 2291 210 2339 Nollet
221 2291 367 2354 Aristippus.
401 2292 453 2351 disi
464 2291 537 2340 sciret
547 2293 644 2354 regibus
656 2295 702 2353 uti,

121 2379 253 2428 Fastidiret
261 2380 329 2439 ulus,
341 2379 383 2442 qui
394 2395 433 2429 me
443 2388 520 2430 notet.
553 2380 572 2436 ii
581 2381 667 2431 Utrius
677 2382 766 2434 bonum

121 2469 204 2515 Verba
215 2469 303 2530 prebes
314 2476 341 2516 et
350 2469 422 2528 iactu,
434 2469 509 2532 d0oe3
527 2471 566 2519 vel
573 2471 660 2531 jnnior
670 2472 737 2532 audi,

123 2558 176 2606 Cur
189 2556 221 2605 sit
230 2557 349 2620 Aristippi
359 2559 439 2620 potior
450 2560 579 2626 sententis.
612 2563 724 2622 Namque

121 2643 267 2694 Mordseem
279 2645 397 2708 Cynicum
408 2646 443 2696 sie
453 2647 576 2708 eludebat,
587 2657 616 2697 ut
624 2649 707 2697 aiunt:

66 2717 70 2724 ’
122 2735 141 2792 ii
150 2733 257 2802 Seurrpr·
265 2747 310 2794 ego
319 2733 369 2796 ipse
380 2735 451 2795 mihi,
462 2737 553 2798 populo
563 2744 606 2784 tu:
623 2737 713 2786 rectius
724 2737 771 2785 hoc
781 2746 807 2785 et

119 2820 279 2883 splendidius
290 2823 368 2870 multo
379 2831 424 2872 est.
457 2824 539 2885 Equus
550 2831 579 2872 ut
589 2837 629 2872 me
638 2832 729 2887 portet,
740 2825 855 2887 elatrent,

121 2908 240 2959 Officium
251 2909 327 2958 facio:
345 2918 373 2959 tu
384 2911 463 2973 poscis
475 2912 532 2960 vilia
544 2927 628 2961 renum

121 2999 204 3046 Dente
216 2996 307 3058 minor,
319 2999 427 3060 quemvis
438 3000 487 3049 fers
497 3007 522 3049 te
533 3001 625 3050 nullius
635 3011 753 3063 egentem.

120 3085 139 3142 ii
150 3085 239 3158 Omnis
251 3086 403 3151 Aristippum
414 3088 495 3138 decuit
503 3090 573 3138 color
583 3098 609 3138 et
618 3099 696 3139 stutus
706 3101 732 3140 et
743 3106 792 3152 res,
