<?xml version="1.0" encoding="UTF-8"?>
<!DOCTYPE html PUBLIC "-//W3C//DTD XHTML 1.0 Transitional//EN"
    "http://www.w3.org/TR/xhtml1/DTD/xhtml1-transitional.dtd">
<html xmlns="http://www.w3.org/1999/xhtml" xml:lang="en" lang="en">
 <head>
  <title>
</title>
<meta http-equiv="Content-Type" content="text/html;charset=utf-8" />
  <meta name='ocr-system' content='tesseract 3.04.00' />
  <meta name='ocr-capabilities' content='ocr_page ocr_carea ocr_par ocr_line ocrx_word'/>
</head>
<body>
  <div class='ocr_page' id='page_1' title='image "./opera01gesngoog_0255.png"; bbox 0 0 2192 3742; ppageno 0'>
   <div class='ocr_carea' id='block_1_1' title="bbox 320 508 909 565">
    <p class='ocr_par' dir='ltr' id='par_1_1' title="bbox 320 508 909 565">
     <span class='ocr_line' id='line_1_1' title="bbox 320 508 909 565; baseline 0.014 -8"><span class='ocrx_word' id='word_1_1' title='bbox 320 508 513 559; x_wconf 81' lang='lat' dir='ltr'><strong>SERMONUM</strong></span> <span class='ocrx_word' id='word_1_2' title='bbox 531 510 594 559; x_wconf 82' lang='lat' dir='ltr'><strong>LIB.</strong></span> <span class='ocrx_word' id='word_1_3' title='bbox 611 511 644 560; x_wconf 91' lang='lat'><strong>11.</strong></span> <span class='ocrx_word' id='word_1_4' title='bbox 660 511 692 563; x_wconf 82' lang='lat' dir='ltr'><strong>lv.</strong></span> <span class='ocrx_word' id='word_1_5' title='bbox 862 518 909 565; x_wconf 74' lang='lat'><strong>243</strong></span> 
     </span>
    </p>
   </div>
   <div class='ocr_carea' id='block_1_2' title="bbox 421 827 600 879">
    <p class='ocr_par' dir='ltr' id='par_1_2' title="bbox 421 827 600 879">
     <span class='ocr_line' id='line_1_2' title="bbox 421 827 600 879; baseline 0.022 -4"><span class='ocrx_word' id='word_1_6' title='bbox 421 827 541 877; x_wconf 79' lang='lat' dir='ltr'><strong>SA&#39;l&#39;lRA</strong></span> <span class='ocrx_word' id='word_1_7' title='bbox 559 830 600 879; x_wconf 84' lang='lat' dir='ltr'><strong>lv.</strong></span> 
     </span>
    </p>
   </div>
   <div class='ocr_carea' id='block_1_3' title="bbox 39 987 836 3184">
    <p class='ocr_par' dir='ltr' id='par_1_3' title="bbox 88 987 836 2651">
     <span class='ocr_line' id='line_1_3' title="bbox 100 987 829 1056; baseline 0.005 -18"><span class='ocrx_word' id='word_1_8' title='bbox 100 989 194 1047; x_wconf 77' lang='lat' dir='ltr'><strong>Usus,</strong></span> <span class='ocrx_word' id='word_1_9' title='bbox 206 994 231 1037; x_wconf 84' lang='lat' dir='ltr'><strong>et</strong></span> <span class='ocrx_word' id='word_1_10' title='bbox 242 1003 290 1050; x_wconf 88' lang='lat' dir='ltr'><strong>qno</strong></span> <span class='ocrx_word' id='word_1_11' title='bbox 303 987 405 1039; x_wconf 78' lang='lat' dir='ltr'><strong>catius?</strong></span> <span class='ocrx_word' id='word_1_12' title='bbox 424 989 442 1046; x_wconf 76' lang='lat' dir='ltr'><strong>l</strong></span> <span class='ocrx_word' id='word_1_13' title='bbox 453 993 510 1040; x_wconf 85' lang='lat' dir='ltr'><strong>Non</strong></span> <span class='ocrx_word' id='word_1_14' title='bbox 522 999 561 1041; x_wconf 74' lang='lat' dir='ltr'><strong>est</strong></span> <span class='ocrx_word' id='word_1_15' title='bbox 571 990 633 1040; x_wconf 87' lang='lat' dir='ltr'><strong>mihi</strong></span> <span class='ocrx_word' id='word_1_16' title='bbox 642 998 737 1056; x_wconf 81' lang='lat' dir='ltr'><strong>tempus</strong></span> <span class='ocrx_word' id='word_1_17' title='bbox 749 994 829 1043; x_wconf 77' lang='lat' dir='ltr'><strong>eventi</strong></span> 
     </span>
     <span class='ocr_line' id='line_1_4' title="bbox 99 1076 703 1142; baseline 0.008 -17"><span class='ocrx_word' id='word_1_18' title='bbox 99 1078 199 1126; x_wconf 82' lang='lat' dir='ltr'>Ponere</span> <span class='ocrx_word' id='word_1_19' title='bbox 209 1076 278 1139; x_wconf 76' lang='lat' dir='ltr'><strong>signa</strong></span> <span class='ocrx_word' id='word_1_20' title='bbox 288 1076 356 1126; x_wconf 78' lang='lat' dir='ltr'><strong>novis</strong></span> <span class='ocrx_word' id='word_1_21' title='bbox 366 1078 502 1142; x_wconf 58' lang='lat' dir='ltr'><strong>presepio,</strong></span> <span class='ocrx_word' id='word_1_22' title='bbox 512 1080 594 1142; x_wconf 76' lang='lat' dir='ltr'><strong>qualis</strong></span> <span class='ocrx_word' id='word_1_23' title='bbox 603 1080 703 1130; x_wconf 84' lang='lat' dir='ltr'><strong>vincunt</strong></span> 
     </span>
     <span class='ocr_line' id='line_1_5' title="bbox 98 1165 768 1232; baseline 0.01 -20"><span class='ocrx_word' id='word_1_24' title='bbox 98 1165 266 1229; x_wconf 78' lang='lat' dir='ltr'><strong>Pythagoran,</strong></span> <span class='ocrx_word' id='word_1_25' title='bbox 277 1167 399 1229; x_wconf 80' lang='lat' dir='ltr'><strong>Anytique</strong></span> <span class='ocrx_word' id='word_1_26' title='bbox 409 1182 490 1229; x_wconf 87' lang='lat' dir='ltr'><strong>reum,</strong></span> <span class='ocrx_word' id='word_1_27' title='bbox 501 1169 647 1232; x_wconf 79' lang='lat' dir='ltr'><strong>docmmque</strong></span> <span class='ocrx_word' id='word_1_28' title='bbox 658 1172 768 1219; x_wconf 79' lang='lat' dir='ltr'><strong>Platona.</strong></span> 
     </span>
     <span class='ocr_line' id='line_1_6' title="bbox 96 1253 697 1321; baseline 0.007 -18"><span class='ocrx_word' id='word_1_29' title='bbox 96 1253 120 1311; x_wconf 73' lang='lat' dir='ltr'><strong>il</strong></span> <span class='ocrx_word' id='word_1_30' title='bbox 129 1256 257 1305; x_wconf 80' lang='lat' dir='ltr'><strong>Peoestnm</strong></span> <span class='ocrx_word' id='word_1_31' title='bbox 268 1257 357 1318; x_wconf 66' lang='lat' dir='ltr'><strong>mesor,</strong></span> <span class='ocrx_word' id='word_1_32' title='bbox 368 1272 424 1307; x_wconf 84' lang='lat' dir='ltr'><strong>cum</strong></span> <span class='ocrx_word' id='word_1_33' title='bbox 434 1265 459 1306; x_wconf 76' lang='lat' dir='ltr'><strong>te</strong></span> <span class='ocrx_word' id='word_1_34' title='bbox 470 1258 505 1307; x_wconf 83' lang='lat' dir='ltr'><strong>sle</strong></span> <span class='ocrx_word' id='word_1_35' title='bbox 515 1266 626 1321; x_wconf 76' lang='lat' dir='ltr'><strong>tempore</strong></span> <span class='ocrx_word' id='word_1_36' title='bbox 635 1259 697 1308; x_wconf 72' lang='lat' dir='ltr'><strong>levo</strong></span> 
     </span>
     <span class='ocr_line' id='line_1_7' title="bbox 98 1345 681 1408; baseline 0.003 -15"><span class='ocrx_word' id='word_1_37' title='bbox 98 1345 296 1408; x_wconf 80' lang='lat' dir='ltr'><strong>interpellsrim:</strong></span> <span class='ocrx_word' id='word_1_38' title='bbox 307 1346 356 1394; x_wconf 87' lang='lat' dir='ltr'><strong>sed</strong></span> <span class='ocrx_word' id='word_1_39' title='bbox 366 1346 408 1395; x_wconf 82' lang='lat' dir='ltr'><strong>(les</strong></span> <span class='ocrx_word' id='word_1_40' title='bbox 418 1347 515 1395; x_wconf 77' lang='lat' dir='ltr'><strong>reniam</strong></span> <span class='ocrx_word' id='word_1_41' title='bbox 526 1348 616 1407; x_wconf 90' lang='lat' dir='ltr'><strong>bonus,</strong></span> <span class='ocrx_word' id='word_1_42' title='bbox 628 1360 681 1396; x_wconf 88' lang='lat' dir='ltr'><strong>oro.</strong></span> 
     </span>
     <span class='ocr_line' id='line_1_8' title="bbox 96 1421 803 1498; baseline 0 -15"><span class='ocrx_word' id='word_1_43' title='bbox 96 1433 174 1488; x_wconf 83' lang='lat' dir='ltr'><strong>Quod</strong></span> <span class='ocrx_word' id='word_1_44' title='bbox 184 1434 205 1482; x_wconf 90' lang='lat' dir='ltr'><strong>si</strong></span> <span class='ocrx_word' id='word_1_45' title='bbox 216 1433 366 1483; x_wconf 76' lang='lat' dir='ltr'><strong>interciderit</strong></span> <span class='ocrx_word' id='word_1_46' title='bbox 375 1435 421 1483; x_wconf 80' lang='lat' dir='ltr'><strong>tibi</strong></span> <span class='ocrx_word' id='word_1_47' title='bbox 431 1450 497 1485; x_wconf 86' lang='lat' dir='ltr'><strong>nune</strong></span> <span class='ocrx_word' id='word_1_48' title='bbox 508 1434 610 1497; x_wconf 77' lang='lat' dir='ltr'><strong>aliquid,</strong></span> <span class='ocrx_word' id='word_1_49' title='bbox 622 1442 715 1498; x_wconf 76' lang='lat' dir='ltr'>repetes</span> <span class='ocrx_word' id='word_1_50' title='bbox 730 1421 803 1496; x_wconf 47' lang='lat' dir='ltr'><strong>mox}</strong></span> 
     </span>
     <span class='ocr_line' id='line_1_9' title="bbox 96 1522 742 1586; baseline 0.002 -15"><span class='ocrx_word' id='word_1_51' title='bbox 96 1522 156 1571; x_wconf 85' lang='lat' dir='ltr'><strong>Sive</strong></span> <span class='ocrx_word' id='word_1_52' title='bbox 166 1531 204 1572; x_wconf 76' lang='lat' dir='ltr'><strong>est</strong></span> <span class='ocrx_word' id='word_1_53' title='bbox 214 1531 307 1572; x_wconf 68' lang='lat' dir='ltr'><strong>nature</strong></span> <span class='ocrx_word' id='word_1_54' title='bbox 317 1524 375 1584; x_wconf 88' lang='lat' dir='ltr'><strong>hoc,</strong></span> <span class='ocrx_word' id='word_1_55' title='bbox 387 1524 437 1573; x_wconf 85' lang='lat' dir='ltr'><strong>sive</strong></span> <span class='ocrx_word' id='word_1_56' title='bbox 448 1523 507 1573; x_wconf 79' lang='lat' dir='ltr'><strong>artis</strong></span> <span class='ocrx_word' id='word_1_57' title='bbox 518 1543 526 1586; x_wconf 72' lang='grc' dir='ltr'>ς</span> <span class='ocrx_word' id='word_1_58' title='bbox 543 1523 621 1572; x_wconf 87' lang='lat' dir='ltr'><strong>mirus</strong></span> <span class='ocrx_word' id='word_1_59' title='bbox 631 1531 742 1586; x_wconf 81' lang='lat' dir='ltr'><strong>utroque.</strong></span> 
     </span>
     <span class='ocr_line' id='line_1_10' title="bbox 95 1609 749 1676; baseline 0 -16"><span class='ocrx_word' id='word_1_60' title='bbox 95 1609 191 1668; x_wconf 63' lang='lat' dir='ltr'><strong>{Quin</strong></span> <span class='ocrx_word' id='word_1_61' title='bbox 202 1611 228 1660; x_wconf 87' lang='lat' dir='ltr'><strong>id</strong></span> <span class='ocrx_word' id='word_1_62' title='bbox 239 1620 291 1662; x_wconf 78' lang='lat' dir='ltr'><strong>erat</strong></span> <span class='ocrx_word' id='word_1_63' title='bbox 301 1628 376 1673; x_wconf 81' lang='lat' dir='ltr'><strong>curae,</strong></span> <span class='ocrx_word' id='word_1_64' title='bbox 387 1627 437 1674; x_wconf 88' lang='lat' dir='ltr'><strong>quo</strong></span> <span class='ocrx_word' id='word_1_65' title='bbox 447 1620 518 1676; x_wconf 77' lang='lat' dir='ltr'><strong>pacto</strong></span> <span class='ocrx_word' id='word_1_66' title='bbox 527 1620 615 1661; x_wconf 84' lang='lat' dir='ltr'><strong>cuncto</strong></span> <span class='ocrx_word' id='word_1_67' title='bbox 624 1611 732 1662; x_wconf 80' lang='lat' dir='ltr'><strong>tenerem</strong></span> <span class='ocrx_word' id='word_1_68' title='bbox 742 1631 749 1673; x_wconf 79' lang='lat'>3</span> 
     </span>
     <span class='ocr_line' id='line_1_11' title="bbox 96 1701 676 1764; baseline -0.002 -14"><span class='ocrx_word' id='word_1_69' title='bbox 96 1702 192 1764; x_wconf 80' lang='lat' dir='ltr'><strong>Utpote</strong></span> <span class='ocrx_word' id='word_1_70' title='bbox 203 1715 242 1750; x_wconf 92' lang='lat' dir='ltr'><strong>res</strong></span> <span class='ocrx_word' id='word_1_71' title='bbox 252 1709 348 1762; x_wconf 77' lang='lat' dir='ltr'><strong>tennes,</strong></span> <span class='ocrx_word' id='word_1_72' title='bbox 359 1701 427 1750; x_wconf 74' lang='lat' dir='ltr'><strong>tenui</strong></span> <span class='ocrx_word' id='word_1_73' title='bbox 437 1714 550 1750; x_wconf 78' lang='lat' dir='ltr'><strong>sermone</strong></span> <span class='ocrx_word' id='word_1_74' title='bbox 560 1707 676 1764; x_wconf 70' lang='lat' dir='ltr'><strong>perseus.</strong></span> 
     </span>
     <span class='ocr_line' id='line_1_12' title="bbox 93 1787 836 1852; baseline 0.001 -15"><span class='ocrx_word' id='word_1_75' title='bbox 93 1787 115 1844; x_wconf 65' lang='lat' dir='ltr'><strong>l</strong></span> <span class='ocrx_word' id='word_1_76' title='bbox 123 1789 176 1839; x_wconf 81' lang='lat' dir='ltr'><strong>Ede</strong></span> <span class='ocrx_word' id='word_1_77' title='bbox 185 1790 294 1839; x_wconf 87' lang='lat' dir='ltr'><strong>hominis</strong></span> <span class='ocrx_word' id='word_1_78' title='bbox 305 1805 395 1839; x_wconf 91' lang='lat' dir='ltr'><strong>nomen</strong></span> <span class='ocrx_word' id='word_1_79' title='bbox 405 1810 414 1852; x_wconf 89' lang='lat'>;</span> <span class='ocrx_word' id='word_1_80' title='bbox 430 1790 550 1850; x_wconf 82' lang='lat' dir='ltr'><strong>simulet,</strong></span> <span class='ocrx_word' id='word_1_81' title='bbox 562 1792 687 1839; x_wconf 81' lang='lat' dir='ltr'><strong>Romanus</strong></span> <span class='ocrx_word' id='word_1_82' title='bbox 698 1803 729 1838; x_wconf 86' lang='lat' dir='ltr'><strong>an</strong></span> <span class='ocrx_word' id='word_1_83' title='bbox 740 1790 836 1851; x_wconf 80' lang='lat' dir='ltr'><strong>hospes.</strong></span> 
     </span>
     <span class='ocr_line' id='line_1_13' title="bbox 94 1876 764 1943; baseline -0.001 -16"><span class='ocrx_word' id='word_1_84' title='bbox 94 1876 116 1935; x_wconf 73' lang='lat' dir='ltr'><strong>il</strong></span> <span class='ocrx_word' id='word_1_85' title='bbox 126 1881 182 1942; x_wconf 88' lang='lat' dir='ltr'><strong>Ipsa</strong></span> <span class='ocrx_word' id='word_1_86' title='bbox 191 1893 285 1929; x_wconf 87' lang='lat' dir='ltr'><strong>memor</strong></span> <span class='ocrx_word' id='word_1_87' title='bbox 296 1889 415 1943; x_wconf 76' lang='lat' dir='ltr'><strong>precepto</strong></span> <span class='ocrx_word' id='word_1_88' title='bbox 424 1893 509 1928; x_wconf 80' lang='lat' dir='ltr'><strong>sonam</strong></span> <span class='ocrx_word' id='word_1_89' title='bbox 519 1899 527 1942; x_wconf 66' lang='grc' dir='ltr'><strong>ς</strong></span> <span class='ocrx_word' id='word_1_90' title='bbox 544 1878 663 1927; x_wconf 76' lang='lat' dir='ltr'><strong>celabitur</strong></span> <span class='ocrx_word' id='word_1_91' title='bbox 673 1886 764 1927; x_wconf 84' lang='lat' dir='ltr'><strong>auctor.</strong></span> 
     </span>
     <span class='ocr_line' id='line_1_14' title="bbox 92 1968 691 2031; baseline -0.003 -14"><span class='ocrx_word' id='word_1_92' title='bbox 92 1971 181 2030; x_wconf 79' lang='lat' dir='ltr'><strong>Longa</strong></span> <span class='ocrx_word' id='word_1_93' title='bbox 190 1968 277 2031; x_wconf 88' lang='lat' dir='ltr'><strong>quibus</strong></span> <span class='ocrx_word' id='word_1_94' title='bbox 288 1969 360 2018; x_wconf 78' lang='lat' dir='ltr'><strong>socies</strong></span> <span class='ocrx_word' id='word_1_95' title='bbox 371 1969 423 2018; x_wconf 88' lang='lat' dir='ltr'><strong>ovis</strong></span> <span class='ocrx_word' id='word_1_96' title='bbox 434 1969 491 2030; x_wconf 80' lang='lat' dir='ltr'><strong>erit,</strong></span> <span class='ocrx_word' id='word_1_97' title='bbox 502 1968 547 2017; x_wconf 82' lang='lat' dir='ltr'><strong>illa</strong></span> <span class='ocrx_word' id='word_1_98' title='bbox 557 1975 691 2029; x_wconf 86' lang='lat' dir='ltr'><strong>memento,</strong></span> 
     </span>
     <span class='ocr_line' id='line_1_15' title="bbox 93 2055 703 2118; baseline -0.003 -11"><span class='ocrx_word' id='word_1_99' title='bbox 93 2058 132 2107; x_wconf 73' lang='lat' dir='ltr'><strong>Ut</strong></span> <span class='ocrx_word' id='word_1_100' title='bbox 142 2055 208 2105; x_wconf 87' lang='lat' dir='ltr'><strong>succi</strong></span> <span class='ocrx_word' id='word_1_101' title='bbox 216 2056 336 2117; x_wconf 88' lang='lat' dir='ltr'><strong>melioris,</strong></span> <span class='ocrx_word' id='word_1_102' title='bbox 348 2064 373 2105; x_wconf 86' lang='lat' dir='ltr'><strong>et</strong></span> <span class='ocrx_word' id='word_1_103' title='bbox 382 2064 410 2105; x_wconf 85' lang='lat' dir='ltr'><strong>ut</strong></span> <span class='ocrx_word' id='word_1_104' title='bbox 421 2056 497 2118; x_wconf 75' lang='lat' dir='ltr'><strong>magis</strong></span> <span class='ocrx_word' id='word_1_105' title='bbox 505 2058 571 2105; x_wconf 82' lang='lat' dir='ltr'><strong>olma</strong></span> <span class='ocrx_word' id='word_1_106' title='bbox 581 2056 703 2117; x_wconf 83' lang='lat' dir='ltr'><strong>rotundis,</strong></span> 
     </span>
     <span class='ocr_line' id='line_1_16' title="bbox 90 2144 786 2206; baseline -0.001 -13"><span class='ocrx_word' id='word_1_107' title='bbox 90 2146 189 2193; x_wconf 85' lang='lat' dir='ltr'><strong>Ponere</strong></span> <span class='ocrx_word' id='word_1_108' title='bbox 198 2164 205 2193; x_wconf 73' lang='grc' dir='ltr'><strong><em>ι</em></strong></span> <span class='ocrx_word' id='word_1_109' title='bbox 223 2158 327 2206; x_wconf 81' lang='lat' dir='ltr'><strong>namque</strong></span> <span class='ocrx_word' id='word_1_110' title='bbox 337 2158 430 2193; x_wconf 78' lang='lat' dir='ltr'><strong>marem</strong></span> <span class='ocrx_word' id='word_1_111' title='bbox 441 2144 556 2193; x_wconf 79' lang='lat' dir='ltr'><strong>oolrlbent</strong></span> <span class='ocrx_word' id='word_1_112' title='bbox 567 2146 658 2195; x_wconf 81' lang='lat' dir='ltr'><strong>callosa</strong></span> <span class='ocrx_word' id='word_1_113' title='bbox 668 2144 786 2193; x_wconf 79' lang='lat' dir='ltr'><strong>vitellum.</strong></span> 
     </span>
     <span class='ocr_line' id='line_1_17' title="bbox 93 2233 648 2297; baseline -0.002 -13"><span class='ocrx_word' id='word_1_114' title='bbox 93 2235 158 2284; x_wconf 84' lang='lat' dir='ltr'><strong>cole</strong></span> <span class='ocrx_word' id='word_1_115' title='bbox 166 2236 316 2295; x_wconf 80' lang='lat' dir='ltr'><strong>suburbano,</strong></span> <span class='ocrx_word' id='word_1_116' title='bbox 327 2234 369 2297; x_wconf 87' lang='lat' dir='ltr'><strong>qui</strong></span> <span class='ocrx_word' id='word_1_117' title='bbox 380 2234 449 2283; x_wconf 86' lang='lat' dir='ltr'><strong>sioeis</strong></span> <span class='ocrx_word' id='word_1_118' title='bbox 460 2233 536 2283; x_wconf 80' lang='lat' dir='ltr'><strong>crevit</strong></span> <span class='ocrx_word' id='word_1_119' title='bbox 546 2234 573 2282; x_wconf 90' lang='lat' dir='ltr'><strong>in</strong></span> <span class='ocrx_word' id='word_1_120' title='bbox 584 2233 648 2296; x_wconf 78' lang='lat' dir='ltr'><strong>agris</strong></span> 
     </span>
     <span class='ocr_line' id='line_1_18' title="bbox 89 2321 669 2385; baseline -0.005 -12"><span class='ocrx_word' id='word_1_121' title='bbox 89 2321 210 2385; x_wconf 85' lang='lat' dir='ltr'><strong>Dulcior3</strong></span> <span class='ocrx_word' id='word_1_122' title='bbox 227 2323 319 2385; x_wconf 79' lang='lat' dir='ltr'><strong>irriguo</strong></span> <span class='ocrx_word' id='word_1_123' title='bbox 330 2323 393 2372; x_wconf 87' lang='lat' dir='ltr'><strong>nihil</strong></span> <span class='ocrx_word' id='word_1_124' title='bbox 403 2330 441 2372; x_wconf 83' lang='lat' dir='ltr'><strong>est</strong></span> <span class='ocrx_word' id='word_1_125' title='bbox 450 2322 540 2371; x_wconf 73' lang='lat' dir='ltr'><strong>elutius</strong></span> <span class='ocrx_word' id='word_1_126' title='bbox 551 2323 633 2371; x_wconf 80' lang='lat' dir='ltr'><strong>horto.</strong></span> <span class='ocrx_word' id='word_1_127' title='bbox 668 2352 669 2355; x_wconf 61' lang='lat'><em>=</em></span> 
     </span>
     <span class='ocr_line' id='line_1_19' title="bbox 90 2408 674 2474; baseline -0.005 -13"><span class='ocrx_word' id='word_1_128' title='bbox 90 2411 119 2461; x_wconf 91' lang='lat' dir='ltr'><strong>Si</strong></span> <span class='ocrx_word' id='word_1_129' title='bbox 130 2411 281 2474; x_wconf 80' lang='lat' dir='ltr'><strong>vespertinus</strong></span> <span class='ocrx_word' id='word_1_130' title='bbox 291 2412 373 2461; x_wconf 84' lang='lat' dir='ltr'><strong>subito</strong></span> <span class='ocrx_word' id='word_1_131' title='bbox 382 2419 407 2460; x_wconf 82' lang='lat' dir='ltr'><strong>te</strong></span> <span class='ocrx_word' id='word_1_132' title='bbox 418 2410 566 2474; x_wconf 72' lang='lat' dir='ltr'><strong>oppresserit</strong></span> <span class='ocrx_word' id='word_1_133' title='bbox 575 2408 674 2473; x_wconf 80' lang='lat' dir='ltr'><strong>hospes,</strong></span> 
     </span>
     <span class='ocr_line' id='line_1_20' title="bbox 90 2500 646 2564; baseline -0.002 -15"><span class='ocrx_word' id='word_1_134' title='bbox 90 2503 132 2550; x_wconf 91' lang='lat' dir='ltr'><strong>Ne</strong></span> <span class='ocrx_word' id='word_1_135' title='bbox 141 2501 232 2563; x_wconf 79' lang='lat' dir='ltr'><strong>gallina</strong></span> <span class='ocrx_word' id='word_1_136' title='bbox 243 2502 335 2551; x_wconf 82' lang='lat' dir='ltr'><strong>malum</strong></span> <span class='ocrx_word' id='word_1_137' title='bbox 346 2509 473 2564; x_wconf 85' lang='lat' dir='ltr'><strong>responset</strong></span> <span class='ocrx_word' id='word_1_138' title='bbox 482 2500 544 2549; x_wconf 82' lang='lat' dir='ltr'><strong>duro</strong></span> <span class='ocrx_word' id='word_1_139' title='bbox 554 2500 646 2563; x_wconf 77' lang='lat' dir='ltr'><strong>palato,</strong></span> 
     </span>
     <span class='ocr_line' id='line_1_21' title="bbox 88 2589 666 2651; baseline -0.007 -10"><span class='ocrx_word' id='word_1_140' title='bbox 88 2592 183 2641; x_wconf 76' lang='lat' dir='ltr'><strong>Docto</strong></span> <span class='ocrx_word' id='word_1_141' title='bbox 193 2589 242 2637; x_wconf 87' lang='lat' dir='ltr'><strong>eris</strong></span> <span class='ocrx_word' id='word_1_142' title='bbox 254 2590 331 2639; x_wconf 78' lang='lat' dir='ltr'><strong>rivum</strong></span> <span class='ocrx_word' id='word_1_143' title='bbox 342 2590 415 2639; x_wconf 69' lang='lat' dir='ltr'><strong>misto</strong></span> <span class='ocrx_word' id='word_1_144' title='bbox 426 2603 533 2639; x_wconf 77' lang='lat' dir='ltr'><strong>mersare</strong></span> <span class='ocrx_word' id='word_1_145' title='bbox 544 2590 666 2651; x_wconf 80' lang='lat' dir='ltr'><strong>Falern03</strong></span> 
     </span>
    </p>

    <p class='ocr_par' dir='ltr' id='par_1_4' title="bbox 61 2675 740 3090">
     <span class='ocr_line' id='line_1_22' title="bbox 61 2675 740 2740; baseline -0.001 -16"><span class='ocrx_word' id='word_1_146' title='bbox 61 2716 66 2724; x_wconf 88' lang='lat'><strong>.</strong></span> <span class='ocrx_word' id='word_1_147' title='bbox 89 2680 145 2727; x_wconf 87' lang='lat' dir='ltr'><strong>Hoc</strong></span> <span class='ocrx_word' id='word_1_148' title='bbox 156 2683 265 2726; x_wconf 81' lang='lat' dir='ltr'><strong>tenerum</strong></span> <span class='ocrx_word' id='word_1_149' title='bbox 276 2678 355 2727; x_wconf 79' lang='lat' dir='ltr'><strong>faciet.</strong></span> <span class='ocrx_word' id='word_1_150' title='bbox 390 2677 546 2726; x_wconf 75' lang='lat' dir='ltr'><strong>Praoensibus</strong></span> <span class='ocrx_word' id='word_1_151' title='bbox 557 2676 650 2740; x_wconf 83' lang='lat' dir='ltr'><strong>optima</strong></span> <span class='ocrx_word' id='word_1_152' title='bbox 660 2675 740 2736; x_wconf 75' lang='lat' dir='ltr'><strong>iungis</strong></span> 
     </span>
     <span class='ocr_line' id='line_1_23' title="bbox 89 2764 716 2815; baseline -0.005 -1"><span class='ocrx_word' id='word_1_153' title='bbox 89 2768 187 2814; x_wconf 83' lang='lat' dir='ltr'><strong>Natura</strong></span> <span class='ocrx_word' id='word_1_154' title='bbox 195 2773 246 2814; x_wconf 77' lang='lat' dir='ltr'><strong>est:</strong></span> <span class='ocrx_word' id='word_1_155' title='bbox 264 2765 319 2814; x_wconf 84' lang='lat' dir='ltr'><strong>ollis</strong></span> <span class='ocrx_word' id='word_1_156' title='bbox 329 2766 394 2815; x_wconf 79' lang='lat' dir='ltr'><strong>mule</strong></span> <span class='ocrx_word' id='word_1_157' title='bbox 404 2764 518 2814; x_wconf 79' lang='lat' dir='ltr'><strong>credimr.</strong></span> <span class='ocrx_word' id='word_1_158' title='bbox 552 2765 598 2812; x_wconf 88' lang='lat' dir='ltr'><strong>llle</strong></span> <span class='ocrx_word' id='word_1_159' title='bbox 608 2764 716 2813; x_wconf 75' lang='lat' dir='ltr'><strong>salubres</strong></span> 
     </span>
     <span class='ocr_line' id='line_1_24' title="bbox 87 2852 651 2917; baseline -0.005 -14"><span class='ocrx_word' id='word_1_160' title='bbox 87 2855 196 2903; x_wconf 75' lang='lat' dir='ltr'><strong>AEstotes</strong></span> <span class='ocrx_word' id='word_1_161' title='bbox 206 2862 313 2917; x_wconf 79' lang='lat' dir='ltr'><strong>peraget,</strong></span> <span class='ocrx_word' id='word_1_162' title='bbox 324 2854 367 2916; x_wconf 88' lang='lat' dir='ltr'><strong>qui</strong></span> <span class='ocrx_word' id='word_1_163' title='bbox 377 2854 453 2916; x_wconf 75' lang='lat' dir='ltr'><strong>nigris</strong></span> <span class='ocrx_word' id='word_1_164' title='bbox 462 2852 565 2916; x_wconf 80' lang='lat' dir='ltr'><strong>prandia</strong></span> <span class='ocrx_word' id='word_1_165' title='bbox 575 2852 651 2901; x_wconf 88' lang='lat' dir='ltr'><strong>moris</strong></span> 
     </span>
     <span class='ocr_line' id='line_1_25' title="bbox 86 2940 706 3005; baseline -0.005 -13"><span class='ocrx_word' id='word_1_166' title='bbox 86 2942 179 3005; x_wconf 80' lang='lat' dir='ltr'><strong>Finiet,</strong></span> <span class='ocrx_word' id='word_1_167' title='bbox 190 2951 246 2992; x_wconf 86' lang='lat' dir='ltr'><strong>onte</strong></span> <span class='ocrx_word' id='word_1_168' title='bbox 256 2956 416 3005; x_wconf 70' lang='lat' dir='ltr'><strong>gravemque·</strong></span> <span class='ocrx_word' id='word_1_169' title='bbox 427 2940 513 3003; x_wconf 79' lang='lat' dir='ltr'><strong>legerit</strong></span> <span class='ocrx_word' id='word_1_170' title='bbox 523 2942 610 2990; x_wconf 78' lang='lat' dir='ltr'><strong>arbore</strong></span> <span class='ocrx_word' id='word_1_171' title='bbox 621 2941 706 2990; x_wconf 89' lang='lat' dir='ltr'><strong>solem.</strong></span> 
     </span>
     <span class='ocr_line' id='line_1_26' title="bbox 85 3031 606 3090; baseline -0.006 -9"><span class='ocrx_word' id='word_1_172' title='bbox 85 3031 200 3081; x_wconf 86' lang='lat' dir='ltr'><strong>Aufidius</strong></span> <span class='ocrx_word' id='word_1_173' title='bbox 210 3032 270 3082; x_wconf 82' lang='lat' dir='ltr'><strong>forti</strong></span> <span class='ocrx_word' id='word_1_174' title='bbox 279 3033 396 3081; x_wconf 78' lang='lat' dir='ltr'><strong>misoebst</strong></span> <span class='ocrx_word' id='word_1_175' title='bbox 407 3032 482 3079; x_wconf 82' lang='lat' dir='ltr'><strong>mello</strong></span> <span class='ocrx_word' id='word_1_176' title='bbox 492 3031 606 3090; x_wconf 83' lang='lat' dir='ltr'><strong>Falerno,</strong></span> 
     </span>
    </p>

    <p class='ocr_par' dir='ltr' id='par_1_5' title="bbox 39 3119 776 3184">
     <span class='ocr_line' id='line_1_27' title="bbox 39 3119 776 3184; baseline 0 -15"><span class='ocrx_word' id='word_1_177' title='bbox 39 3173 45 3183; x_wconf 56' lang='grc'>,</span> <span class='ocrx_word' id='word_1_178' title='bbox 80 3120 219 3184; x_wconf 80' lang='lat' dir='ltr'><strong>Mendose3</strong></span> <span class='ocrx_word' id='word_1_179' title='bbox 236 3121 352 3183; x_wconf 84' lang='lat' dir='ltr'><strong>quonlam</strong></span> <span class='ocrx_word' id='word_1_180' title='bbox 362 3121 443 3170; x_wconf 80' lang='lat' dir='ltr'><strong>roonis</strong></span> <span class='ocrx_word' id='word_1_181' title='bbox 455 3119 607 3169; x_wconf 78' lang='lat' dir='ltr'><strong>oommlttere</strong></span> <span class='ocrx_word' id='word_1_182' title='bbox 617 3119 685 3167; x_wconf 84' lang='lat' dir='ltr'><strong>veuls</strong></span> <span class='ocrx_word' id='word_1_183' title='bbox 773 3162 776 3169; x_wconf 91' lang='lat'>.</span> 
     </span>
    </p>
   </div>
   <div class='ocr_carea' id='block_1_4' title="bbox 0 0 1100 3742">
    <p class='ocr_par' dir='ltr' id='par_1_6' title="bbox 0 0 1100 3742">
     <span class='ocr_line' id='line_1_28' title="bbox 0 0 1100 3742; baseline 0 7"><span class='ocrx_word' id='word_1_184' title='bbox 0 0 1100 3742; x_wconf 95' lang='lat' dir='ltr'><strong> </strong></span> 
     </span>
    </p>
   </div>
  </div>
 </body>
</html>
