2192 3742
347 442 532 494 CARMINUM
550 446 613 494 LIB.
630 448 672 495 IV.
687 447 723 496 xi.
794 516 802 529 ·
890 451 931 497 lll

475 739 542 787 ODE
565 740 597 787 X.

394 964 397 969 ,
428 924 463 958 ιω
479 924 640 961 uenenum.

198 1081 221 1130 0
234 1094 362 1130 cnunnnls
372 1081 462 1144 adhuc,
473 1090 499 1132 et
508 1084 610 1133 Veneris
621 1084 762 1133 muneribus
773 1094 869 1149 potens,

199 1172 324 1233 lnspercta
333 1179 382 1220 tnae
392 1187 449 1221 cum
458 1174 539 1224 veniet
548 1176 632 1237 pluma
642 1176 771 1239 snperbiae,

197 1263 241 1321 Et,
251 1277 306 1324 quae
315 1278 381 1312 nunc
392 1263 500 1313 humeris
512 1264 652 1326 involitent,
665 1266 798 1316 deciderint
806 1282 892 1329 comae,

199 1354 272 1400 Nunc
283 1353 360 1415 etqui
371 1355 441 1403 color
451 1363 489 1403 est
498 1356 607 1419 puniceos
620 1357 681 1407 flore
690 1358 759 1421 prior
769 1374 842 1420 rosae,

196 1445 307 1492 Mutams
318 1444 461 1506 Ligurinum
472 1444 498 1494 in
509 1446 597 1495 faciem
607 1447 707 1496 verterit
717 1448 853 1511 hispidam:

198 1532 280 1593 Dices,
292 1534 363 1581 Heu!
386 1533 491 1597 (quoties
502 1541 527 1583 te
538 1534 563 1583 in
576 1537 674 1597 speculo
684 1536 773 1586 videris
783 1538 896 1601 altemm)

198 1623 260 1676 Quae
271 1636 341 1671 mens
350 1630 388 1672 est
398 1623 481 1683 hodie,
493 1638 536 1673 cur
546 1626 631 1675 eedem
642 1641 692 1676 non
703 1642 780 1690 puero
791 1628 838 1677 fnit
849 1632 859 1678 ἓ

197 1711 243 1762 Vel
254 1710 347 1759 curbis
358 1711 447 1759 animis
459 1713 594 1763 incolumes
606 1730 656 1764 non
668 1716 770 1766 redeunt
780 1722 866 1779 gene?

469 1994 536 2044 ODE
557 1995 601 2044 xl.

425 2174 460 2208 ΑΙ)
476 2176 638 2215 Pnnulnnm.

261 2328 314 2375 Es'r
322 2328 382 2377 mihi
394 2345 487 2381 nonum
498 2318 634 2398 sunerantis
647 2354 737 2390 annum

262 2416 352 2466 Plenus
364 2419 453 2467 Albani
465 2423 555 2486 cadus3
572 2427 646 2476 estin
659 2430 741 2492 horto,

262 2503 351 2566 Phylli,
363 2510 487 2557 nectendis
498 2512 580 2573 apium
591 2518 704 2581 coronis3

388 2597 434 2645 Est
443 2598 538 2649 hederae
550 2602 585 2651 vis

262 2767 355 2826 Multa,
366 2782 414 2829 qua
424 2769 504 2821 crines
515 2774 616 2836 religate
627 2778 717 2840 fulges:

262 2852 333 2902 Ridet
343 2864 443 2917 argente
453 2858 552 2910 domus:
571 2877 614 2912 ara
625 2867 696 2917 castis

260 2940 348 2992 Vincta
357 2947 467 2995 verbenis
478 2958 532 2998 avet
543 2951 669 3003 immolato

393 3036 505 3097 spargier
515 3053 591 3101 agno:
667 3102 669 3108 ,
