2192 3742
202 484 250 533 tta

435 484 466 538 Q·
484 484 759 535 {tonsurandum

534 793 602 843 ODE
619 796 675 843 vti.

439 996 474 1029 ΑΙ)
492 996 613 1030 POPULUM
631 997 772 1033 Romanum.

300 1148 368 1205 Quo,
381 1159 430 1207 qno
438 1144 532 1194 scelesti
540 1145 631 1194 ruitis?
650 1153 746 1195 auteur
757 1144 862 1195 dexteris

330 1235 452 1297 Aptantur
463 1248 533 1283 enses
545 1235 656 1284 conditi?

298 1325 421 1373 Parumne
431 1323 522 1386 campis
533 1330 606 1385 atque
617 1326 732 1386 Neptuno
742 1338 816 1387 super

330 1412 421 1460 Fusum
432 1419 470 1460 est
480 1412 561 1461 Latini
572 1412 696 1475 sanguinis
707 1415 717 1460 ἓ

298 1502 395 1569 Nonut
405 1502 520 1564 superbas
532 1500 620 1549 iuvidae
634 1500 786 1562 Carthaginis

331 1592 457 1639 Romanus
468 1604 535 1639 aroes
546 1597 642 1638 ureret:

299 1682 406 1729 intactus
417 1687 460 1729 aut
469 1680 603 1729 Britannus
614 1686 643 1728 ut
653 1680 809 1730 demandaret

331 1770 406 1817 Sacra
416 1775 541 1817 mentua
551 1768 604 1817 via:

297 1856 345 1905 Sed
355 1865 393 1917 ut,
408 1856 540 1906 secuudum
551 1864 607 1907 ruta
619 1858 776 1917 Parthorum,
787 1872 831 1907 sua

330 1946 395 1995 Urbs
407 1945 458 1995 haec
465 1946 557 2008 periret
567 1946 675 1995 dextera.

299 2036 383 2096 Neque
393 2034 434 2083 hic
444 2033 508 2097 lupis
519 2049 585 2095 mos,
597 2048 642 2083 nec
654 2034 701 2083 fuit
711 2034 832 2094 leonibus,

331 2124 463 2183 Nunquam
472 2121 520 2170 nisi
531 2121 652 2185 indispar
663 2122 730 2171 ieris.

299 2211 408 2258 Fururne
419 2225 506 2271 uacus,
518 2224 550 2258 an
562 2210 626 2273 rapit
636 2210 671 2259 vis
683 2210 780 2261 aerior?

329 2300 369 2346 An
381 2300 470 2362 culpa?
490 2313 635 2362 responsum
650 2298 712 2347 date.

296 2389 406 2449 'l'aeent3
423 2394 448 2436 et
458 2400 503 2435 ora
512 2388 592 2450 pallor
603 2387 672 2435 albus
683 2386 760 2435 inficit
768 2405 776 2448 ;

329 2478 472 2537 Meutesque
483 2477 600 2539 peruulsae
612 2483 719 2538 stupent.

296 2563 336 2612 Sic
347 2571 401 2626 est3
419 2565 505 2613 aoerba
516 2564 566 2613 fata
577 2566 701 2613 Romanos
713 2571 797 2625 agunt,

328 2655 461 2715 Suelusqne
471 2654 586 2702 fraternae
597 2653 680 2715 necis3

296 2746 332 2793 Ut
342 2741 493 2791 immerentis
502 2742 575 2791 fluxit
582 2741 607 2789 in
619 2748 710 2790 terram
722 2741 791 2790 Remi

327 2835 400 2883 Sacer
412 2832 540 2895 nepotibus
554 2846 634 2880 cruor.
