2192 3742
310 532 505 581 SERMONUM
522 531 585 581 ΗΒ.
602 532 635 581 11.
652 531 678 580 ti.
851 532 898 581 229

92 660 124 708 in
136 666 251 709 neutram
261 664 356 721 partem
365 659 446 708 omum
457 658 546 707 mirer:
563 658 604 707 hic
615 673 693 721 neque
704 658 790 719 servis,

89 745 184 797 Albuti
190 747 256 796 uenit
266 748 389 809 exemplo,
401 747 460 795 dum
470 746 556 795 munia
566 746 637 807 didit,

92 837 179 885 Saevue
189 835 254 898 erit3
271 850 360 897 neque,
368 835 432 884 sicut
442 835 547 898 simplex
559 836 667 897 Nerius,
678 844 777 885 unctmn

92 927 210 977 convivis
221 925 340 990 praebebit
349 940 451 988 aquam:
468 926 555 975 vitium
566 927 613 975 hoc
623 940 720 989 quoque
731 942 856 990 magnum.

75 1016 184 1086 tAocipe
194 1031 271 1077 nnnc,
281 1015 358 1065 victur
370 1016 451 1065 tennis
462 1030 516 1078 quae
528 1022 664 1077 quantaque
675 1028 756 1065 seeum

79 1106 193 1158 ,Aderat
226 1106 256 1152 ln
267 1104 355 1166 primis
365 1104 447 1152 valens
457 1105 535 1152 bene:
554 1118 611 1152 nam
621 1104 695 1153 variae
710 1118 749 1153 ree

79 1191 127 1261 {Ut
137 1199 242 1241 noceant
252 1192 358 1252 homini,
370 1192 465 1253 eredas,
476 1206 571 1240 memor
582 1192 648 1240 illius
660 1206 730 1253 more,

93 1283 157 1335 Quae
168 1280 274 1344 simplex
284 1280 345 1329 olim
357 1280 401 1329 tibi
412 1279 518 1329 sederit:
535 1288 561 1328 at
572 1279 645 1328 simul
656 1279 717 1327 aneis

93 1370 225 1419 Miscuerin
237 1351 313 1430 elixa,
324 1370 397 1419 simul
409 1370 536 1433 oonchylia
546 1368 625 1417 turdis
636 1387 644 1429 ;

93 1458 184 1507 Dulcia
194 1472 221 1507 ee
230 1458 258 1507 in
268 1459 343 1506 bilem
354 1465 459 1518 vertent,
470 1458 643 1519 stomachoque
654 1456 788 1505 tumultum

96 1549 176 1596 lenta
186 1548 250 1595 feret
259 1546 354 1609 pituita
387 1546 472 1607 Vides,
483 1553 513 1594 ut
523 1547 629 1609 pallidus
640 1550 721 1599 omnis

98 1636 177 1684 Coena
187 1634 301 1695 desurgat
310 1632 405 1683 dubia?
441 1635 734 1706 φωρ-ΜΨ

81 1679 87 1740 Ι
99 1722 229 1790 H·
239 1722 305 1784 vi''
316 1722 426 1771 animum
437 1738 533 1790 queQ
542 1736 676 1788 qrfflqvat
687 1742 747 1787 una,

82 1791 180 1877 {Atqgu
191 1810 272 1873 Q
264 1810 284 1859 't
291 1812 370 1859 humo
377 1811 464 1861 diviua
475 1813 619 1879 'culam
631 1828 704 1863 aurae.

85 1902 180 1960 iAlter,
190 1900 233 1948 ubi
245 1898 310 1949 dioto
321 1900 393 1949 citius
404 1908 488 1949 curata
498 1900 582 1963 sopori

87 1983 93 2026 ἶ
97 1993 212 2041 Membra
222 1991 299 2051 dedit,
306 1999 404 2053 regern
415 1992 557 2065 praecripta
568 1993 599 2041 ad
611 1993 695 2043 munia
707 1993 791 2056 surgit.

86 2067 147 2139 {Hic
156 2088 240 2129 tamen
251 2080 282 2129 ad
293 2080 381 2129 melius
393 2080 483 2143 poterit
492 2090 659 2132 transcurrere
670 2084 805 2145 quondam:

89 2151 157 2219 ¹Sive
167 2168 233 2217 diem
243 2168 334 2217 feetuun
345 2168 441 2217 rediens
452 2168 582 2217 adduxerit
592 2183 687 2232 aunue3

89 2242 150 2306 {seu
161 2269 272 2304 recreare
282 2256 349 2303 volet
359 2262 485 2304 tenuatum
500 2270 589 2318 eorpus
599 2275 604 2303 ι
622 2256 711 2319 ubique

90 2323 229 2412 {decedent
240 2345 310 2407 anni,
321 2354 346 2394 et
353 2346 453 2395 tractari
463 2346 563 2395 mollius
575 2354 633 2394 aetan

92 2434 231 2484 tlmbecilla
240 2435 313 2483 volet.
346 2433 403 2483 'libi
414 2433 530 2495 quidnam
541 2432 637 2482 aocedet
648 2433 678 2482 ad
689 2433 759 2483 istam
762 2470 771 2494 ‚

104 2526 185 2580 Quam
196 2538 258 2586 puer
268 2531 294 2571 et
302 2523 396 2571 validus
407 2523 545 2585 praeeumis,
557 2522 701 2572 mollitiem:
719 2538 762 2573 seu

102 2616 173 2663 Dura
183 2611 297 2661 valetudo
308 2610 430 2671 inciderit,
442 2626 485 2659 seu
495 2611 565 2660 tarda
576 2620 686 2661 senectus
696 2615 706 2661 ?

104 2700 241 2753 Rancidum
251 2714 338 2763 aprum
349 2700 442 2761 antiqui
453 2700 595 2760 laudabant,
607 2714 657 2749 non
668 2700 725 2762 quia
736 2714 809 2750 naeus

104 2789 159 2838 illie
170 2789 255 2837 nullus
265 2795 328 2848 erat,
340 2787 393 2847 sed,
404 2787 487 2854 credo,
497 2788 544 2837 hac
555 2796 647 2849 mente,
659 2790 725 2851 quod
734 2791 821 2853 hospes

104 2876 212 2927 Tardius
222 2876 351 2926 adveniens
362 2876 473 2925 vitiatum
484 2876 647 2938 commodine,
659 2892 731 2939 quam
816 2884 818 2893 ’

104 2969 231 3027 integrum
240 2964 302 3014 edax
313 2965 427 3015 dominun
438 2974 600 3015 consumeret.
634 2968 686 3017 Hos
696 2968 789 3017 utinam
800 2967 864 3017 inter

107 3058 203 3105 Heroas
214 3062 299 3103 natum
311 3055 385 3103 tellus
396 3070 437 3104 me
446 3054 527 3118 prima
536 3054 650 3105 udisset!

105 3146 158 3193 Dar
169 3143 262 3205 aliquid
273 3145 355 3203 famae,
367 3157 420 3204 quae
430 3142 538 3191 carmine
548 3140 640 3204 gratior
651 3156 734 3193 aurem
