2192 3742
305 450 544 500 EPISTOLARUM
567 452 629 500 lla.
647 453 667 501 l.
683 452 725 503 vii.
869 454 917 502 277

105 577 166 626 llaec
177 591 245 639 seges
254 577 361 639 ingratos
372 578 439 639 tulit,
451 587 476 628 et
486 579 548 628 leret
558 579 671 628 omnibus
682 578 761 629 annis.

79 659 152 718 [Vir
161 668 242 716 bonus
252 675 278 716 et
292 666 387 731 sapiens
400 667 479 729 dignis
491 667 525 717 ait
535 682 589 717 esse
598 676 713 731 parsms3

97 756 161 804 'Nec
171 763 253 804 tamen
265 756 361 817 ignoret
371 756 430 818 quid
440 756 531 806 distent
540 770 591 805 aera
601 756 700 819 lupinis.

105 844 216 905 Dignum
226 845 347 907 praesnbo
359 851 398 893 me
409 844 482 895 etiam
493 860 538 907 pro
551 845 623 895 laude
631 845 755 895 mereatis.
796 869 902 882 -m
909 869 931 877 -·

106 933 182 987 Quod
193 933 214 980 si
226 948 264 982 me
275 934 344 982 uoles
354 948 457 995 nusquam
468 933 601 994 discedere,
613 934 700 984 reddes

106 1022 181 1071 Forte
192 1023 266 1082 latus,
279 1023 361 1083 nigros
373 1029 475 1082 anputa
485 1022 566 1071 fronte
576 1022 678 1084 capillos
688 1042 696 1084 ;

107 1112 203 1161 Reddes
214 1112 284 1161 dulce
294 1113 379 1174 loqui3
397 1111 573 1160 reddes'ridere
583 1111 709 1171 decenum,
723 1119 748 1160 ct

107 1202 174 1250 luter
184 1201 242 1250 vina
251 1203 333 1262 fugam
348 1202 444 1250 Cinara
456 1213 561 1248 moerere
571 1208 697 1261 proterve.

106 1290 181 1338 Forte
192 1303 236 1352 per
246 1297 374 1350 saputem
385 1288 465 1337 tenuis
477 1287 586 1336 nitedula
596 1288 685 1336 rimam

106 1379 225 1442 Repsersu
235 1378 260 1425 in
271 1392 394 1426 cumeram
406 1375 540 1437 frumenti3
557 1383 770 1438 pastaquerursas

106 1468 146 1516 Ire
156 1467 223 1515 foras
234 1466 307 1528 pleno
319 1465 432 1514 tendebat
442 1479 544 1528 corpore
556 1465 661 1513 frustra:

107 1556 154 1606 Cui
165 1556 271 1604 mustela
280 1555 375 1617 procul,
387 1553 414 1602 Si
424 1553 471 1614 vis,
482 1554 527 1614 ait,
539 1554 644 1614 effugere
655 1552 737 1614 istinc,

106 1645 192 1693 Macra
201 1658 287 1692 cavum
298 1650 391 1704 repetes
402 1649 507 1702 arctum,
519 1657 592 1704 quem
604 1656 686 1690 macra
695 1642 790 1692 subisti.

106 1733 159 1781 Hac
166 1746 212 1793 ego
221 1731 243 1780 si
253 1733 387 1795 compellor
398 1731 512 1792 imagine,
524 1737 612 1779 cuncta
621 1730 731 1792 resigno:

106 1822 158 1870 Nec
170 1835 287 1870 somnum
297 1820 374 1884 plebis
385 1821 469 1881 laudo,
481 1825 550 1868 satur
560 1818 678 1880 altilium,
690 1833 735 1869 uec

106 1909 166 1960 Otia
175 1909 266 1958 divitiis
277 1911 386 1958 Arabum
393 1910 520 1958 liberrime
530 1917 607 1958 muta.

105 2000 175 2062 Sape
185 1999 349 2048 verecundum
358 1999 479 2062 laudasti3
497 2013 589 2062 rexque
598 2007 715 2062 paterque

104 2086 204 2136 Audisti
214 2101 298 2135 eoram
307 2107 315 2149 3
333 2102 377 2136 nec
386 2088 460 2137 verbo
470 2089 567 2150 parcius
577 2089 664 2136 absens
675 2107 681 2135 ι

105 2177 212 2240 Inspice,
223 2176 244 2225 si
255 2191 353 2239 possum
365 2177 455 2227 donata
465 2191 583 2240 reponere
594 2179 672 2227 lens.

106 2265 180 2314 Haud
190 2265 255 2313 mele
265 2265 435 2324 Telemachus,
446 2266 527 2328 proles
537 2265 652 2328 patientis
664 2265 778 2328 Ulyssel;

84 2333 87 2339 ⁵
105 2356 163 2403 Non
174 2360 213 2402 est
224 2359 294 2416 aptus
303 2353 371 2414 equis
384 2353 465 2402 lthsce
476 2354 555 2413 locus,
566 2361 594 2402 ut
605 2367 685 2415 neque
694 2354 774 2416 planis

106 2442 423 2505 Porrectusspatiis‚neque
430 2443 513 2490 mrultae
524 2442 639 2505 prodigus
649 2443 730 2492 hmbae
741 2462 746 2490 ι

105 2532 204 2593 Atride,
215 2531 291 2593 magis
302 2539 358 2595 apta
367 2531 412 2580 tibi
423 2539 466 2580 tus
476 2531 540 2580 dona
550 2530 696 2593 relinquam.

107 2622 213 2670 Parvum
224 2633 298 2683 parm
308 2619 406 2668 decent:
424 2619 485 2668 milri
493 2620 546 2680 iam
557 2634 607 2668 non
619 2619 687 2681 regis
696 2621 784 2681 Rama,

107 2711 156 2762 Sed
165 2724 270 2760 vacuum
280 2709 358 2758 'llbur
368 2710 457 2773 placet,
468 2717 512 2758 sut
522 2709 622 2758 imbelle
631 2711 774 2760 Tarentum.

107 2791 227 2850 strennui
237 2806 263 2847 et
273 2798 356 2858 fords,
365 2798 492 2860 musisque
503 2799 630 2862 Philippus
640 2799 739 2860 agendis

108 2890 207 2950 Clarus,
219 2889 249 2937 ab
260 2887 345 2937 officiis
355 2899 464 2937 acnuam
476 2887 573 2937 circiter
583 2888 671 2937 horam

107 2979 172 3027 Dum
183 2975 256 3038 redit,
266 2985 340 3040 atque
351 2977 415 3025 Foro
425 2976 530 3025 nimium
542 2976 633 3026 disme
643 2973 745 3027 Carinas
801 2989 805 2998 “

107 3069 164 3117 lam
175 3065 273 3128 mandis
282 3073 342 3116 natu
353 3066 477 3130 queritur3
495 3067 632 3130 conspexit,
643 3073 672 3118 ut
682 3066 761 3127 aiunt,
